<?xml version="1.0" encoding="UTF-8"?>
<!DOCTYPE html PUBLIC "-//W3C//DTD XHTML 1.0 Transitional//EN"
    "http://www.w3.org/TR/xhtml1/DTD/xhtml1-transitional.dtd">
<html xmlns="http://www.w3.org/1999/xhtml" xml:lang="en" lang="en">
 <head>
  <title>
</title>
<meta http-equiv="Content-Type" content="text/html;charset=utf-8" />
  <meta name='ocr-system' content='tesseract 3.04.00' />
  <meta name='ocr-capabilities' content='ocr_page ocr_carea ocr_par ocr_line ocrx_word'/>
</head>
<body>
  <div class='ocr_page' id='page_1' title='image "apologigraeciant00neubuoft_0015.png"; bbox 0 0 1937 3032; ppageno 0'>
   <div class='ocr_carea' id='block_1_1' title="bbox 843 229 850 248">
    <p class='ocr_par' dir='ltr' id='par_1_1' title="bbox 843 229 850 248">
     <span class='ocr_line' id='line_1_1' title="bbox 843 229 850 248; baseline 0 0"><span class='ocrx_word' id='word_1_1' title='bbox 843 229 850 248; x_wconf 72' lang='lat' dir='ltr'><em>d</em></span> 
     </span>
    </p>
   </div>
   <div class='ocr_carea' id='block_1_2' title="bbox 133 305 1564 1990">
    <p class='ocr_par' dir='ltr' id='par_1_2' title="bbox 133 305 1564 1990">
     <span class='ocr_line' id='line_1_2' title="bbox 136 305 1560 369; baseline -0.008 -12"><span class='ocrx_word' id='word_1_2' title='bbox 136 315 251 369; x_wconf 91' lang='lat' dir='ltr'>quod</span> <span class='ocrx_word' id='word_1_3' title='bbox 283 311 806 366; x_wconf 71' lang='lat' dir='ltr'>batrachomyomachiae</span> <span class='ocrx_word' id='word_1_4' title='bbox 840 314 914 351; x_wconf 82' lang='lat' dir='ltr'>aut</span> <span class='ocrx_word' id='word_1_5' title='bbox 932 308 1141 360; x_wconf 83' lang='lat' dir='ltr'>Margitae</span> <span class='ocrx_word' id='word_1_6' title='bbox 1163 311 1316 348; x_wconf 78' lang='lat' dir='ltr'>auctor</span> <span class='ocrx_word' id='word_1_7' title='bbox 1339 305 1560 347; x_wconf 85' lang='lat' dir='ltr'>ferebatur</span> 
     </span>
     <span class='ocr_line' id='line_1_3' title="bbox 137 375 1557 437; baseline -0.008 -12"><span class='ocrx_word' id='word_1_8' title='bbox 137 382 272 425; x_wconf 87' lang='lat' dir='ltr'>fuisse</span> <span class='ocrx_word' id='word_1_9' title='bbox 288 381 330 437; x_wconf 86' lang='lat'>1).</span> <span class='ocrx_word' id='word_1_10' title='bbox 366 381 629 423; x_wconf 87' lang='lat' dir='ltr'>Fabularum</span> <span class='ocrx_word' id='word_1_11' title='bbox 653 379 839 431; x_wconf 91' lang='lat' dir='ltr'>denique</span> <span class='ocrx_word' id='word_1_12' title='bbox 862 390 949 419; x_wconf 90' lang='lat' dir='ltr'>non</span> <span class='ocrx_word' id='word_1_13' title='bbox 971 376 1108 427; x_wconf 85' lang='lat' dir='ltr'>magis</span> <span class='ocrx_word' id='word_1_14' title='bbox 1133 375 1186 416; x_wconf 84' lang='lat' dir='ltr'>ad</span> <span class='ocrx_word' id='word_1_15' title='bbox 1211 375 1402 427; x_wconf 90' lang='lat' dir='ltr'>speciem</span> <span class='ocrx_word' id='word_1_16' title='bbox 1427 386 1557 427; x_wconf 83' lang='lat' dir='ltr'>quam</span> 
     </span>
     <span class='ocr_line' id='line_1_4' title="bbox 136 441 1558 498; baseline -0.008 -5"><span class='ocrx_word' id='word_1_17' title='bbox 136 463 288 493; x_wconf 89' lang='lat' dir='ltr'>earum</span> <span class='ocrx_word' id='word_1_18' title='bbox 321 450 378 492; x_wconf 90' lang='lat' dir='ltr'>ad</span> <span class='ocrx_word' id='word_1_19' title='bbox 409 449 499 490; x_wconf 92' lang='lat' dir='ltr'>uim</span> <span class='ocrx_word' id='word_1_20' title='bbox 532 460 585 489; x_wconf 90' lang='lat' dir='ltr'>ac</span> <span class='ocrx_word' id='word_1_21' title='bbox 618 447 836 488; x_wconf 89' lang='lat' dir='ltr'>uirtutem.</span> <span class='ocrx_word' id='word_1_22' title='bbox 872 457 1004 498; x_wconf 82' lang='lat' dir='ltr'>quam</span> <span class='ocrx_word' id='word_1_23' title='bbox 1038 456 1136 485; x_wconf 92' lang='lat' dir='ltr'>eam</span> <span class='ocrx_word' id='word_1_24' title='bbox 1171 441 1305 483; x_wconf 89' lang='lat' dir='ltr'>fuisse</span> <span class='ocrx_word' id='word_1_25' title='bbox 1340 442 1409 483; x_wconf 89' lang='lat' dir='ltr'>hic</span> <span class='ocrx_word' id='word_1_26' title='bbox 1433 453 1558 494; x_wconf 83' lang='lat' dir='ltr'>prae-</span> 
     </span>
     <span class='ocr_line' id='line_1_5' title="bbox 137 510 1560 568; baseline -0.008 -8"><span class='ocrx_word' id='word_1_27' title='bbox 137 518 402 561; x_wconf 90' lang='lat' dir='ltr'>monendum</span> <span class='ocrx_word' id='word_1_28' title='bbox 435 521 514 566; x_wconf 83' lang='lat' dir='ltr'>est,</span> <span class='ocrx_word' id='word_1_29' title='bbox 547 520 592 556; x_wconf 88' lang='lat' dir='ltr'>ut</span> <span class='ocrx_word' id='word_1_30' title='bbox 626 515 722 568; x_wconf 87' lang='lat' dir='ltr'>quis</span> <span class='ocrx_word' id='word_1_31' title='bbox 756 515 811 556; x_wconf 91' lang='lat' dir='ltr'>ad</span> <span class='ocrx_word' id='word_1_32' title='bbox 844 513 1015 566; x_wconf 90' lang='lat' dir='ltr'>quiduis</span> <span class='ocrx_word' id='word_1_33' title='bbox 1050 510 1298 552; x_wconf 87' lang='lat' dir='ltr'>faciendum</span> <span class='ocrx_word' id='word_1_34' title='bbox 1331 510 1401 551; x_wconf 89' lang='lat' dir='ltr'>uel</span> <span class='ocrx_word' id='word_1_35' title='bbox 1433 510 1560 551; x_wconf 85' lang='lat' dir='ltr'>omit-</span> 
     </span>
     <span class='ocr_line' id='line_1_6' title="bbox 135 578 1558 636; baseline -0.008 -8"><span class='ocrx_word' id='word_1_36' title='bbox 135 586 314 628; x_wconf 86' lang='lat' dir='ltr'>tendum</span> <span class='ocrx_word' id='word_1_37' title='bbox 346 585 519 626; x_wconf 83' lang='lat' dir='ltr'>blandis</span> <span class='ocrx_word' id='word_1_38' title='bbox 553 583 813 636; x_wconf 86' lang='lat' dir='ltr'>quibusdam</span> <span class='ocrx_word' id='word_1_39' title='bbox 846 580 992 622; x_wconf 89' lang='lat' dir='ltr'>uerbis</span> <span class='ocrx_word' id='word_1_40' title='bbox 1017 579 1230 621; x_wconf 80' lang='lat' dir='ltr'>acerrime</span> <span class='ocrx_word' id='word_1_41' title='bbox 1253 578 1558 630; x_wconf 72' lang='lat' dir='ltr'>impelleretur,</span> 
     </span>
     <span class='ocr_line' id='line_1_7' title="bbox 134 646 1560 708; baseline -0.006 -13"><span class='ocrx_word' id='word_1_42' title='bbox 134 654 332 708; x_wconf 84' lang='lat' dir='ltr'>proxime</span> <span class='ocrx_word' id='word_1_43' title='bbox 364 652 574 694; x_wconf 81' lang='lat' dir='ltr'>accedere</span> <span class='ocrx_word' id='word_1_44' title='bbox 607 651 713 691; x_wconf 88' lang='lat' dir='ltr'>mihi</span> <span class='ocrx_word' id='word_1_45' title='bbox 747 651 918 691; x_wconf 85' lang='lat' dir='ltr'>uidetur</span> <span class='ocrx_word' id='word_1_46' title='bbox 949 648 1145 689; x_wconf 82' lang='lat' dir='ltr'>narratio</span> <span class='ocrx_word' id='word_1_47' title='bbox 1179 659 1322 699; x_wconf 80' lang='lat' dir='ltr'>quam.</span> <span class='ocrx_word' id='word_1_48' title='bbox 1357 651 1401 687; x_wconf 88' lang='lat' dir='ltr'>ut</span> <span class='ocrx_word' id='word_1_49' title='bbox 1427 646 1560 687; x_wconf 89' lang='lat' dir='ltr'>uesti-</span> 
     </span>
     <span class='ocr_line' id='line_1_8' title="bbox 136 714 1562 767; baseline -0.007 -5"><span class='ocrx_word' id='word_1_50' title='bbox 136 724 331 762; x_wconf 85' lang='lat' dir='ltr'>mentum</span> <span class='ocrx_word' id='word_1_51' title='bbox 364 719 595 761; x_wconf 82' lang='lat' dir='ltr'>honestum</span> <span class='ocrx_word' id='word_1_52' title='bbox 630 718 685 759; x_wconf 89' lang='lat' dir='ltr'>ab</span> <span class='ocrx_word' id='word_1_53' title='bbox 714 718 907 758; x_wconf 84' lang='lat' dir='ltr'>Eumaeo</span> <span class='ocrx_word' id='word_1_54' title='bbox 932 716 1133 767; x_wconf 83' lang='lat' dir='ltr'>accipiat.</span> <span class='ocrx_word' id='word_1_55' title='bbox 1168 714 1335 756; x_wconf 84' lang='lat' dir='ltr'>Ulixem</span> <span class='ocrx_word' id='word_1_56' title='bbox 1360 714 1562 754; x_wconf 57' lang='grc' dir='ltr'><strong>111011οΧ-</strong></span> 
     </span>
     <span class='ocr_line' id='line_1_9' title="bbox 135 782 1561 841; baseline -0.006 -11"><span class='ocrx_word' id='word_1_57' title='bbox 135 789 404 841; x_wconf 80' lang='lat' dir='ltr'>cogitantem</span> <span class='ocrx_word' id='word_1_58' title='bbox 435 792 565 840; x_wconf 88' lang='lat' dir='ltr'>poeta</span> <span class='ocrx_word' id='word_1_59' title='bbox 599 785 676 829; x_wconf 90' lang='lat' dir='ltr'>Od.</span> <span class='ocrx_word' id='word_1_60' title='bbox 712 786 807 827; x_wconf 84' lang='lat' dir='ltr'>XIV</span> <span class='ocrx_word' id='word_1_61' title='bbox 839 785 924 826; x_wconf 81' lang='lat'>459</span> <span class='ocrx_word' id='word_1_62' title='bbox 959 797 1052 837; x_wconf 88' lang='lat' dir='ltr'>sqq.</span> <span class='ocrx_word' id='word_1_63' title='bbox 1089 782 1222 834; x_wconf 87' lang='lat' dir='ltr'>Quae.</span> <span class='ocrx_word' id='word_1_64' title='bbox 1258 795 1356 823; x_wconf 88' lang='lat' dir='ltr'>cum</span> <span class='ocrx_word' id='word_1_65' title='bbox 1392 783 1491 822; x_wconf 76' lang='lat' dir='ltr'>licta</span> <span class='ocrx_word' id='word_1_66' title='bbox 1514 785 1561 821; x_wconf 91' lang='lat' dir='ltr'>ut</span> 
     </span>
     <span class='ocr_line' id='line_1_10' title="bbox 136 849 1560 907; baseline -0.006 -10"><span class='ocrx_word' id='word_1_67' title='bbox 136 856 284 898; x_wconf 88' lang='lat' dir='ltr'>fabula</span> <span class='ocrx_word' id='word_1_68' title='bbox 316 856 384 907; x_wconf 74' lang='lat' dir='ltr'>sit,</span> <span class='ocrx_word' id='word_1_69' title='bbox 431 855 598 907; x_wconf 80' lang='lat' dir='ltr'>dignior</span> <span class='ocrx_word' id='word_1_70' title='bbox 637 859 785 895; x_wconf 82' lang='lat' dir='ltr'>tamen</span> <span class='ocrx_word' id='word_1_71' title='bbox 819 853 954 894; x_wconf 91' lang='lat' dir='ltr'>multo</span> <span class='ocrx_word' id='word_1_72' title='bbox 988 852 1182 893; x_wconf 82' lang='lat' dir='ltr'>carmine</span> <span class='ocrx_word' id='word_1_73' title='bbox 1216 851 1352 903; x_wconf 88' lang='lat' dir='ltr'>epico.</span> <span class='ocrx_word' id='word_1_74' title='bbox 1399 863 1439 890; x_wconf 91' lang='grc'>11.</span> <span class='ocrx_word' id='word_1_75' title='bbox 1474 849 1560 890; x_wconf 78' lang='grc'><strong>508</strong></span> 
     </span>
     <span class='ocr_line' id='line_1_11' title="bbox 134 918 1558 977; baseline -0.006 -11"><span class='ocrx_word' id='word_1_76' title='bbox 134 928 411 977; x_wconf 88' lang='lat' dir='ltr'>nuncupatur</span> <span class='ocrx_word' id='word_1_77' title='bbox 453 918 582 970; x_wconf 76' lang='grc' dir='ltr'><strong>αἶνος,</strong></span> <span class='ocrx_word' id='word_1_78' title='bbox 627 935 711 976; x_wconf 89' lang='lat' dir='ltr'>quo</span> <span class='ocrx_word' id='word_1_79' title='bbox 757 922 932 963; x_wconf 90' lang='lat' dir='ltr'>nomine</span> <span class='ocrx_word' id='word_1_80' title='bbox 977 921 1083 965; x_wconf 83' lang='lat' dir='ltr'>solo.</span> <span class='ocrx_word' id='word_1_81' title='bbox 1128 923 1336 972; x_wconf 88' lang='lat' dir='ltr'>quantum</span> <span class='ocrx_word' id='word_1_82' title='bbox 1381 918 1558 966; x_wconf 63' lang='lat' dir='ltr'>scimus„</span> 
     </span>
     <span class='ocr_line' id='line_1_12' title="bbox 135 984 1561 1046; baseline -0.008 -11"><span class='ocrx_word' id='word_1_83' title='bbox 135 992 453 1046; x_wconf 82' lang='lat' dir='ltr'>antiquissimis</span> <span class='ocrx_word' id='word_1_84' title='bbox 487 991 677 1033; x_wconf 92' lang='lat' dir='ltr'>saeculis</span> <span class='ocrx_word' id='word_1_85' title='bbox 711 1003 736 1031; x_wconf 88' lang='lat' dir='ltr'>a</span> <span class='ocrx_word' id='word_1_86' title='bbox 768 989 948 1032; x_wconf 85' lang='lat' dir='ltr'>Graecis</span> <span class='ocrx_word' id='word_1_87' title='bbox 982 992 1141 1029; x_wconf 87' lang='lat' dir='ltr'>uocata</span> <span class='ocrx_word' id='word_1_88' title='bbox 1175 991 1240 1029; x_wconf 89' lang='lat' dir='ltr'>est</span> <span class='ocrx_word' id='word_1_89' title='bbox 1274 985 1434 1027; x_wconf 85' lang='lat' dir='ltr'>fabula.</span> <span class='ocrx_word' id='word_1_90' title='bbox 1469 984 1561 1025; x_wconf 90' lang='lat' dir='ltr'>lam</span> 
     </span>
     <span class='ocr_line' id='line_1_13' title="bbox 135 1052 1561 1113; baseline -0.007 -11"><span class='ocrx_word' id='word_1_91' title='bbox 135 1060 266 1113; x_wconf 87' lang='lat' dir='ltr'>igitur</span> <span class='ocrx_word' id='word_1_92' title='bbox 298 1060 492 1102; x_wconf 89' lang='lat' dir='ltr'>adultam</span> <span class='ocrx_word' id='word_1_93' title='bbox 525 1059 632 1100; x_wconf 89' lang='lat' dir='ltr'>uidit</span> <span class='ocrx_word' id='word_1_94' title='bbox 665 1057 858 1100; x_wconf 87' lang='lat' dir='ltr'>fabulam</span> <span class='ocrx_word' id='word_1_95' title='bbox 891 1057 935 1097; x_wconf 93' lang='lat' dir='ltr'>in</span> <span class='ocrx_word' id='word_1_96' title='bbox 968 1056 1145 1098; x_wconf 91' lang='lat' dir='ltr'>Homeri</span> <span class='ocrx_word' id='word_1_97' title='bbox 1188 1053 1457 1097; x_wconf 88' lang='lat' dir='ltr'>carminibus</span> <span class='ocrx_word' id='word_1_98' title='bbox 1491 1052 1561 1094; x_wconf 89' lang='lat' dir='ltr'>Ul-</span> 
     </span>
     <span class='ocr_line' id='line_1_14' title="bbox 134 1124 1558 1180; baseline -0.005 -9"><span class='ocrx_word' id='word_1_99' title='bbox 134 1130 267 1172; x_wconf 88' lang='lat' dir='ltr'>ricius</span> <span class='ocrx_word' id='word_1_100' title='bbox 300 1129 400 1170; x_wconf 92' lang='lat' dir='ltr'>hist.</span> <span class='ocrx_word' id='word_1_101' title='bbox 435 1133 514 1170; x_wconf 86' lang='lat' dir='ltr'>art.</span> <span class='ocrx_word' id='word_1_102' title='bbox 548 1132 661 1180; x_wconf 90' lang='lat' dir='ltr'>poet.</span> <span class='ocrx_word' id='word_1_103' title='bbox 701 1127 855 1168; x_wconf 87' lang='lat' dir='ltr'>Graec.</span> <span class='ocrx_word' id='word_1_104' title='bbox 889 1126 923 1166; x_wconf 94' lang='lat' dir='ltr'>lI</span> <span class='ocrx_word' id='word_1_105' title='bbox 956 1139 996 1178; x_wconf 88' lang='lat' dir='ltr'>p.</span> <span class='ocrx_word' id='word_1_106' title='bbox 1017 1125 1115 1166; x_wconf 76' lang='lat'>456.</span> <span class='ocrx_word' id='word_1_107' title='bbox 1151 1124 1237 1167; x_wconf 88' lang='lat' dir='ltr'>Sed</span> <span class='ocrx_word' id='word_1_108' title='bbox 1270 1136 1349 1176; x_wconf 85' lang='lat' dir='ltr'>ego</span> <span class='ocrx_word' id='word_1_109' title='bbox 1373 1124 1558 1177; x_wconf 83' lang='lat' dir='ltr'>quidem,</span> 
     </span>
     <span class='ocr_line' id='line_1_15' title="bbox 133 1192 1562 1250; baseline -0.006 -10"><span class='ocrx_word' id='word_1_110' title='bbox 133 1203 228 1240; x_wconf 88' lang='lat' dir='ltr'>utut</span> <span class='ocrx_word' id='word_1_111' title='bbox 269 1202 369 1239; x_wconf 90' lang='lat' dir='ltr'>sunt</span> <span class='ocrx_word' id='word_1_112' title='bbox 410 1208 522 1250; x_wconf 90' lang='lat' dir='ltr'>quae</span> <span class='ocrx_word' id='word_1_113' title='bbox 563 1197 657 1248; x_wconf 91' lang='lat' dir='ltr'>ipse</span> <span class='ocrx_word' id='word_1_114' title='bbox 705 1195 1003 1247; x_wconf 84' lang='lat' dir='ltr'>suspicionem</span> <span class='ocrx_word' id='word_1_115' title='bbox 1052 1206 1229 1236; x_wconf 88' lang='lat' dir='ltr'>mouere</span> <span class='ocrx_word' id='word_1_116' title='bbox 1278 1205 1408 1246; x_wconf 82' lang='lat' dir='ltr'>posse</span> <span class='ocrx_word' id='word_1_117' title='bbox 1441 1192 1562 1234; x_wconf 78' lang='lat' dir='ltr'>astir-</span> 
     </span>
     <span class='ocr_line' id='line_1_16' title="bbox 135 1261 1561 1317; baseline -0.005 -9"><span class='ocrx_word' id='word_1_118' title='bbox 135 1266 254 1308; x_wconf 89' lang='lat' dir='ltr'>maui</span> <span class='ocrx_word' id='word_1_119' title='bbox 287 1277 340 1307; x_wconf 88' lang='lat' dir='ltr'>ea</span> <span class='ocrx_word' id='word_1_120' title='bbox 373 1268 517 1306; x_wconf 85' lang='lat' dir='ltr'>aetate</span> <span class='ocrx_word' id='word_1_121' title='bbox 551 1276 689 1317; x_wconf 83' lang='lat' dir='ltr'>eaque</span> <span class='ocrx_word' id='word_1_122' title='bbox 722 1263 765 1304; x_wconf 91' lang='lat' dir='ltr'>in</span> <span class='ocrx_word' id='word_1_123' title='bbox 798 1264 987 1315; x_wconf 85' lang='lat' dir='ltr'>regione.</span> <span class='ocrx_word' id='word_1_124' title='bbox 1034 1263 1077 1303; x_wconf 90' lang='grc'>111</span> <span class='ocrx_word' id='word_1_125' title='bbox 1120 1274 1205 1315; x_wconf 89' lang='lat' dir='ltr'>qua</span> <span class='ocrx_word' id='word_1_126' title='bbox 1244 1261 1421 1302; x_wconf 91' lang='lat' dir='ltr'>Homeri</span> <span class='ocrx_word' id='word_1_127' title='bbox 1465 1273 1561 1302; x_wconf 84' lang='lat' dir='ltr'>car-</span> 
     </span>
     <span class='ocr_line' id='line_1_17' title="bbox 136 1329 1560 1380; baseline -0.004 -5"><span class='ocrx_word' id='word_1_128' title='bbox 136 1334 255 1375; x_wconf 89' lang='lat' dir='ltr'>mina</span> <span class='ocrx_word' id='word_1_129' title='bbox 287 1333 559 1380; x_wconf 80' lang='lat' dir='ltr'>exstiterunt.</span> <span class='ocrx_word' id='word_1_130' title='bbox 596 1331 768 1374; x_wconf 87' lang='lat' dir='ltr'>fabulas</span> <span class='ocrx_word' id='word_1_131' title='bbox 802 1332 891 1372; x_wconf 90' lang='lat' dir='ltr'>iam</span> <span class='ocrx_word' id='word_1_132' title='bbox 924 1331 1178 1378; x_wconf 71' lang='lat' dir='ltr'>innotuisse,</span> <span class='ocrx_word' id='word_1_133' title='bbox 1223 1329 1378 1371; x_wconf 89' lang='lat' dir='ltr'>dubius</span> <span class='ocrx_word' id='word_1_134' title='bbox 1410 1334 1560 1370; x_wconf 85' lang='lat' dir='ltr'>tamen</span> 
     </span>
     <span class='ocr_line' id='line_1_18' title="bbox 137 1398 1561 1454; baseline -0.004 -10"><span class='ocrx_word' id='word_1_135' title='bbox 137 1402 362 1444; x_wconf 87' lang='lat' dir='ltr'>discedam</span> <span class='ocrx_word' id='word_1_136' title='bbox 401 1401 457 1443; x_wconf 90' lang='lat' dir='ltr'>ab</span> <span class='ocrx_word' id='word_1_137' title='bbox 481 1414 532 1443; x_wconf 91' lang='lat' dir='ltr'>eo</span> <span class='ocrx_word' id='word_1_138' title='bbox 564 1406 707 1454; x_wconf 75' lang='lat' dir='ltr'>poeta.</span> <span class='ocrx_word' id='word_1_139' title='bbox 743 1400 814 1454; x_wconf 91' lang='lat' dir='ltr'>qui</span> <span class='ocrx_word' id='word_1_140' title='bbox 848 1405 949 1440; x_wconf 75' lang='lat' dir='ltr'>cum&#39;</span> <span class='ocrx_word' id='word_1_141' title='bbox 981 1410 1157 1440; x_wconf 91' lang='lat' dir='ltr'>omnem</span> <span class='ocrx_word' id='word_1_142' title='bbox 1190 1398 1360 1439; x_wconf 88' lang='lat' dir='ltr'>illorum</span> <span class='ocrx_word' id='word_1_143' title='bbox 1392 1402 1561 1450; x_wconf 86' lang='lat' dir='ltr'>tempo-</span> 
     </span>
     <span class='ocr_line' id='line_1_19' title="bbox 136 1467 1563 1524; baseline -0.004 -12"><span class='ocrx_word' id='word_1_144' title='bbox 136 1483 232 1512; x_wconf 90' lang='lat' dir='ltr'>rum</span> <span class='ocrx_word' id='word_1_145' title='bbox 266 1470 392 1524; x_wconf 90' lang='lat' dir='ltr'>quasi</span> <span class='ocrx_word' id='word_1_146' title='bbox 426 1468 801 1519; x_wconf 56' lang='lat' dir='ltr'>e&#39;yzvzaonuaedeae&#39;av</span> <span class='ocrx_word' id='word_1_147' title='bbox 834 1468 1029 1509; x_wconf 85' lang='lat' dir='ltr'>carmine</span> <span class='ocrx_word' id='word_1_148' title='bbox 1063 1467 1316 1520; x_wconf 80' lang='lat' dir='ltr'>complexus</span> <span class='ocrx_word' id='word_1_149' title='bbox 1340 1478 1438 1508; x_wconf 88' lang='lat' dir='ltr'>esse</span> <span class='ocrx_word' id='word_1_150' title='bbox 1471 1478 1563 1506; x_wconf 89' lang='lat' dir='ltr'>me-</span> 
     </span>
     <span class='ocr_line' id='line_1_20' title="bbox 136 1535 1561 1592; baseline -0.005 -12"><span class='ocrx_word' id='word_1_151' title='bbox 136 1539 220 1581; x_wconf 87' lang='lat' dir='ltr'>rito</span> <span class='ocrx_word' id='word_1_152' title='bbox 263 1538 553 1592; x_wconf 73' lang='lat' dir='ltr'>praedicetur,</span> <span class='ocrx_word' id='word_1_153' title='bbox 605 1536 777 1578; x_wconf 85' lang='lat' dir='ltr'>fabulae</span> <span class='ocrx_word' id='word_1_154' title='bbox 819 1548 874 1578; x_wconf 91' lang='lat' dir='ltr'>ne</span> <span class='ocrx_word' id='word_1_155' title='bbox 906 1536 1058 1578; x_wconf 81' lang='lat' dir='ltr'>leviter</span> <span class='ocrx_word' id='word_1_156' title='bbox 1091 1535 1265 1588; x_wconf 89' lang='lat' dir='ltr'>quidem</span> <span class='ocrx_word' id='word_1_157' title='bbox 1306 1546 1561 1587; x_wconf 79' lang='lat' dir='ltr'>expressum</span> 
     </span>
     <span class='ocr_line' id='line_1_21' title="bbox 136 1602 1561 1659; baseline -0.005 -11"><span class='ocrx_word' id='word_1_158' title='bbox 136 1607 369 1659; x_wconf 86' lang='lat' dir='ltr'>uestigium</span> <span class='ocrx_word' id='word_1_159' title='bbox 401 1605 585 1659; x_wconf 87' lang='lat' dir='ltr'>reliquit.</span> <span class='ocrx_word' id='word_1_160' title='bbox 619 1605 673 1646; x_wconf 86' lang='lat' dir='ltr'>Et</span> <span class='ocrx_word' id='word_1_161' title='bbox 706 1605 821 1658; x_wconf 87' lang='lat' dir='ltr'>quod</span> <span class='ocrx_word' id='word_1_162' title='bbox 853 1617 907 1646; x_wconf 90' lang='lat' dir='ltr'>ne</span> <span class='ocrx_word' id='word_1_163' title='bbox 943 1604 1058 1657; x_wconf 85' lang='lat' dir='ltr'>apud</span> <span class='ocrx_word' id='word_1_164' title='bbox 1090 1603 1353 1656; x_wconf 88' lang='lat' dir='ltr'>posteriores</span> <span class='ocrx_word' id='word_1_165' title='bbox 1388 1602 1561 1655; x_wconf 87' lang='lat' dir='ltr'>quidem</span> 
     </span>
     <span class='ocr_line' id='line_1_22' title="bbox 136 1671 1563 1729; baseline -0.005 -12"><span class='ocrx_word' id='word_1_166' title='bbox 136 1679 290 1729; x_wconf 88' lang='lat' dir='ltr'>poetas</span> <span class='ocrx_word' id='word_1_167' title='bbox 323 1679 398 1716; x_wconf 91' lang='lat' dir='ltr'>aut</span> <span class='ocrx_word' id='word_1_168' title='bbox 430 1674 589 1728; x_wconf 81' lang='lat' dir='ltr'>lyricos</span> <span class='ocrx_word' id='word_1_169' title='bbox 622 1677 697 1714; x_wconf 90' lang='lat' dir='ltr'>aut</span> <span class='ocrx_word' id='word_1_170' title='bbox 728 1673 920 1725; x_wconf 85' lang='lat' dir='ltr'>tragicos</span> <span class='ocrx_word' id='word_1_171' title='bbox 955 1671 1200 1713; x_wconf 85' lang='lat' dir='ltr'>fabularum</span> <span class='ocrx_word' id='word_1_172' title='bbox 1241 1683 1425 1722; x_wconf 88' lang='lat' dir='ltr'>magnus</span> <span class='ocrx_word' id='word_1_173' title='bbox 1469 1680 1563 1710; x_wconf 91' lang='lat' dir='ltr'>cer-</span> 
     </span>
     <span class='ocr_line' id='line_1_23' title="bbox 137 1740 1561 1791; baseline -0.004 -7"><span class='ocrx_word' id='word_1_174' title='bbox 137 1744 254 1785; x_wconf 89' lang='lat' dir='ltr'>nitur</span> <span class='ocrx_word' id='word_1_175' title='bbox 284 1743 328 1784; x_wconf 91' lang='lat' dir='ltr'>in</span> <span class='ocrx_word' id='word_1_176' title='bbox 361 1741 629 1784; x_wconf 88' lang='lat' dir='ltr'>carminibus</span> <span class='ocrx_word' id='word_1_177' title='bbox 661 1753 780 1791; x_wconf 79' lang='lat' dir='ltr'>usus,</span> <span class='ocrx_word' id='word_1_178' title='bbox 815 1741 858 1781; x_wconf 88' lang='lat' dir='ltr'>id</span> <span class='ocrx_word' id='word_1_179' title='bbox 891 1740 1043 1781; x_wconf 90' lang='lat' dir='ltr'>nescio</span> <span class='ocrx_word' id='word_1_180' title='bbox 1076 1753 1133 1781; x_wconf 87' lang='lat' dir='ltr'>an</span> <span class='ocrx_word' id='word_1_181' title='bbox 1162 1752 1368 1791; x_wconf 88' lang='lat' dir='ltr'>magnam</span> <span class='ocrx_word' id='word_1_182' title='bbox 1391 1742 1561 1791; x_wconf 89' lang='lat' dir='ltr'>partem</span> 
     </span>
     <span class='ocr_line' id='line_1_24' title="bbox 137 1809 1559 1862; baseline -0.004 -9"><span class='ocrx_word' id='word_1_183' title='bbox 137 1811 317 1854; x_wconf 88' lang='lat' dir='ltr'>Homeri</span> <span class='ocrx_word' id='word_1_184' title='bbox 334 1810 612 1852; x_wconf 89' lang='lat' dir='ltr'>tribuendum</span> <span class='ocrx_word' id='word_1_185' title='bbox 636 1809 692 1850; x_wconf 87' lang='lat' dir='ltr'>sit</span> <span class='ocrx_word' id='word_1_186' title='bbox 714 1809 978 1859; x_wconf 74' lang='lat' dir='ltr'>auctoritati,</span> <span class='ocrx_word' id='word_1_187' title='bbox 1016 1809 1173 1862; x_wconf 86' lang='lat' dir='ltr'>quippe</span> <span class='ocrx_word' id='word_1_188' title='bbox 1196 1819 1325 1861; x_wconf 91' lang='lat' dir='ltr'>quem</span> <span class='ocrx_word' id='word_1_189' title='bbox 1348 1811 1559 1859; x_wconf 84' lang='lat' dir='ltr'>tanquam</span> 
     </span>
     <span class='ocr_line' id='line_1_25' title="bbox 138 1874 1564 1932; baseline -0.006 -10"><span class='ocrx_word' id='word_1_190' title='bbox 138 1880 286 1922; x_wconf 90' lang='lat' dir='ltr'>iudicii</span> <span class='ocrx_word' id='word_1_191' title='bbox 319 1880 511 1932; x_wconf 89' lang='lat' dir='ltr'>artisque</span> <span class='ocrx_word' id='word_1_192' title='bbox 544 1890 651 1920; x_wconf 89' lang='lat' dir='ltr'>suae</span> <span class='ocrx_word' id='word_1_193' title='bbox 684 1878 925 1931; x_wconf 88' lang='lat' dir='ltr'>principem</span> <span class='ocrx_word' id='word_1_194' title='bbox 958 1890 1012 1919; x_wconf 89' lang='lat' dir='ltr'>ac</span> <span class='ocrx_word' id='word_1_195' title='bbox 1034 1878 1290 1929; x_wconf 87' lang='lat' dir='ltr'>magistrum</span> <span class='ocrx_word' id='word_1_196' title='bbox 1314 1875 1453 1917; x_wconf 88' lang='lat' dir='ltr'>secuti</span> <span class='ocrx_word' id='word_1_197' title='bbox 1476 1874 1564 1915; x_wconf 92' lang='lat' dir='ltr'>sint</span> 
     </span>
     <span class='ocr_line' id='line_1_26' title="bbox 140 1947 432 1990; baseline -0.003 -1"><span class='ocrx_word' id='word_1_198' title='bbox 140 1947 229 1990; x_wconf 88' lang='lat' dir='ltr'>fere</span> <span class='ocrx_word' id='word_1_199' title='bbox 266 1959 432 1990; x_wconf 90' lang='lat' dir='ltr'>omnes.</span> 
     </span>
    </p>
   </div>
   <div class='ocr_carea' id='block_1_3' title="bbox 138 2020 1565 2282">
    <p class='ocr_par' dir='ltr' id='par_1_3' title="bbox 138 2020 1565 2282">
     <span class='ocr_line' id='line_1_27' title="bbox 225 2020 1565 2078; baseline -0.004 -11"><span class='ocrx_word' id='word_1_200' title='bbox 225 2025 389 2068; x_wconf 87' lang='lat' dir='ltr'>Contra</span> <span class='ocrx_word' id='word_1_201' title='bbox 430 2025 660 2076; x_wconf 89' lang='lat' dir='ltr'>Hesiodus,</span> <span class='ocrx_word' id='word_1_202' title='bbox 710 2024 781 2078; x_wconf 87' lang='lat' dir='ltr'>qui</span> <span class='ocrx_word' id='word_1_203' title='bbox 822 2025 866 2064; x_wconf 92' lang='lat' dir='ltr'>in</span> <span class='ocrx_word' id='word_1_204' title='bbox 900 2036 967 2076; x_wconf 92' lang='lat' dir='ltr'>op.</span> <span class='ocrx_word' id='word_1_205' title='bbox 1004 2027 1046 2065; x_wconf 93' lang='grc'>01</span> <span class='ocrx_word' id='word_1_206' title='bbox 1079 2023 1134 2064; x_wconf 86' lang='lat' dir='ltr'>di.</span> <span class='ocrx_word' id='word_1_207' title='bbox 1169 2035 1258 2064; x_wconf 91' lang='lat' dir='ltr'>non</span> <span class='ocrx_word' id='word_1_208' title='bbox 1290 2034 1360 2064; x_wconf 88' lang='lat' dir='ltr'>res</span> <span class='ocrx_word' id='word_1_209' title='bbox 1395 2020 1565 2062; x_wconf 86' lang='lat' dir='ltr'>fortiter</span> 
     </span>
     <span class='ocr_line' id='line_1_28' title="bbox 138 2089 1563 2147; baseline -0.004 -11"><span class='ocrx_word' id='word_1_210' title='bbox 138 2098 285 2147; x_wconf 87' lang='lat' dir='ltr'>gestas</span> <span class='ocrx_word' id='word_1_211' title='bbox 331 2098 406 2135; x_wconf 89' lang='lat' dir='ltr'>aut</span> <span class='ocrx_word' id='word_1_212' title='bbox 448 2094 642 2134; x_wconf 87' lang='lat' dir='ltr'>uirorum</span> <span class='ocrx_word' id='word_1_213' title='bbox 686 2091 860 2134; x_wconf 90' lang='lat' dir='ltr'>fortium</span> <span class='ocrx_word' id='word_1_214' title='bbox 901 2103 1071 2133; x_wconf 89' lang='lat' dir='ltr'>errores</span> <span class='ocrx_word' id='word_1_215' title='bbox 1105 2091 1298 2133; x_wconf 89' lang='lat' dir='ltr'>celebrat</span> <span class='ocrx_word' id='word_1_216' title='bbox 1329 2101 1411 2131; x_wconf 92' lang='lat' dir='ltr'>nec</span> <span class='ocrx_word' id='word_1_217' title='bbox 1444 2089 1563 2131; x_wconf 91' lang='lat' dir='ltr'>solos</span> 
     </span>
     <span class='ocr_line' id='line_1_29' title="bbox 139 2157 1561 2217; baseline -0.004 -13"><span class='ocrx_word' id='word_1_218' title='bbox 139 2175 228 2214; x_wconf 82' lang='lat' dir='ltr'>eos,</span> <span class='ocrx_word' id='word_1_219' title='bbox 274 2162 347 2217; x_wconf 91' lang='lat' dir='ltr'>qui</span> <span class='ocrx_word' id='word_1_220' title='bbox 378 2161 503 2215; x_wconf 87' lang='lat' dir='ltr'>plura</span> <span class='ocrx_word' id='word_1_221' title='bbox 535 2161 715 2203; x_wconf 86' lang='lat' dir='ltr'>saecula</span> <span class='ocrx_word' id='word_1_222' title='bbox 755 2165 856 2202; x_wconf 88' lang='lat' dir='ltr'>ante</span> <span class='ocrx_word' id='word_1_223' title='bbox 890 2161 1026 2214; x_wconf 88' lang='lat' dir='ltr'>ipsius</span> <span class='ocrx_word' id='word_1_224' title='bbox 1061 2164 1250 2202; x_wconf 86' lang='lat' dir='ltr'>aetatem</span> <span class='ocrx_word' id='word_1_225' title='bbox 1297 2158 1431 2200; x_wconf 86' lang='lat' dir='ltr'>fuisse</span> <span class='ocrx_word' id='word_1_226' title='bbox 1471 2157 1561 2199; x_wconf 88' lang='lat' dir='ltr'>exi·-</span> 
     </span>
     <span class='ocr_line' id='line_1_30' title="bbox 138 2225 1564 2282; baseline -0.004 -10"><span class='ocrx_word' id='word_1_227' title='bbox 138 2230 347 2272; x_wconf 87' lang='lat' dir='ltr'>stimandi</span> <span class='ocrx_word' id='word_1_228' title='bbox 379 2233 492 2281; x_wconf 83' lang='lat' dir='ltr'>sunt,</span> <span class='ocrx_word' id='word_1_229' title='bbox 540 2229 768 2282; x_wconf 89' lang='lat' dir='ltr'>loquentes</span> <span class='ocrx_word' id='word_1_230' title='bbox 801 2228 979 2279; x_wconf 74' lang='lat' dir='ltr'>inducit,</span> <span class='ocrx_word' id='word_1_231' title='bbox 1024 2228 1101 2270; x_wconf 89' lang='lat' dir='ltr'>sed</span> <span class='ocrx_word' id='word_1_232' title='bbox 1134 2240 1246 2282; x_wconf 89' lang='lat' dir='ltr'>quae</span> <span class='ocrx_word' id='word_1_233' title='bbox 1277 2227 1419 2280; x_wconf 90' lang='lat' dir='ltr'>ipsum</span> <span class='ocrx_word' id='word_1_234' title='bbox 1453 2225 1564 2266; x_wconf 91' lang='lat' dir='ltr'>mul-</span> 
     </span>
    </p>
   </div>
   <div class='ocr_carea' id='block_1_4' title="bbox 140 2356 1568 2744">
    <p class='ocr_par' dir='ltr' id='par_1_4' title="bbox 140 2356 1568 2744">
     <span class='ocr_line' id='line_1_31' title="bbox 238 2356 1566 2407; baseline -0.005 -10"><span class='ocrx_word' id='word_1_235' title='bbox 238 2360 264 2407; x_wconf 80' lang='lat'>¹)</span> <span class='ocrx_word' id='word_1_236' title='bbox 289 2361 507 2397; x_wconf 79' lang='lat' dir='ltr'>Philostrati</span> <span class='ocrx_word' id='word_1_237' title='bbox 524 2373 667 2407; x_wconf 89' lang='lat' dir='ltr'>quoque</span> <span class='ocrx_word' id='word_1_238' title='bbox 687 2360 889 2405; x_wconf 85' lang='lat' dir='ltr'>imaginum</span> <span class='ocrx_word' id='word_1_239' title='bbox 901 2361 1068 2395; x_wconf 81' lang='lat' dir='ltr'>conferas</span> <span class='ocrx_word' id='word_1_240' title='bbox 1088 2360 1137 2395; x_wconf 85' lang='lat'>13</span> <span class='ocrx_word' id='word_1_241' title='bbox 1155 2359 1204 2404; x_wconf 89' lang='grc' dir='ltr'>(ΙΙ</span> <span class='ocrx_word' id='word_1_242' title='bbox 1222 2370 1256 2404; x_wconf 92' lang='lat' dir='ltr'>p.</span> <span class='ocrx_word' id='word_1_243' title='bbox 1275 2357 1345 2393; x_wconf 83' lang='lat'>298</span> <span class='ocrx_word' id='word_1_244' title='bbox 1362 2357 1417 2391; x_wconf 87' lang='lat' dir='ltr'>ed.</span> <span class='ocrx_word' id='word_1_245' title='bbox 1436 2356 1566 2402; x_wconf 85' lang='lat' dir='ltr'>Kays.)</span> 
     </span>
     <span class='ocr_line' id='line_1_32' title="bbox 140 2411 1567 2468; baseline 0 -16"><span class='ocrx_word' id='word_1_246' title='bbox 140 2418 252 2453; x_wconf 77' lang='lat' dir='ltr'>uerba</span> <span class='ocrx_word' id='word_1_247' title='bbox 287 2424 432 2468; x_wconf 59' lang='grc' dir='ltr'>ἐμέλησε</span> <span class='ocrx_word' id='word_1_248' title='bbox 457 2423 531 2467; x_wconf 73' lang='grc' dir='ltr'>μὲν</span> <span class='ocrx_word' id='word_1_249' title='bbox 555 2425 626 2467; x_wconf 74' lang='grc' dir='ltr'>γὰρ</span> <span class='ocrx_word' id='word_1_250' title='bbox 652 2425 709 2454; x_wconf 73' lang='grc' dir='ltr'>καὶ</span> <span class='ocrx_word' id='word_1_251' title='bbox 735 2421 872 2467; x_wconf 64' lang='grc' dir='ltr'><em>Ὁμήρῳ</em></span> <span class='ocrx_word' id='word_1_252' title='bbox 898 2420 1024 2465; x_wconf 78' lang='grc' dir='ltr'><em>μύθου</em></span> <span class='ocrx_word' id='word_1_253' title='bbox 1051 2423 1108 2453; x_wconf 82' lang='grc' dir='ltr'>καὶ</span> <span class='ocrx_word' id='word_1_254' title='bbox 1136 2417 1292 2461; x_wconf 62' lang='grc' dir='ltr'>ςΗσιόδῳ</span> <span class='ocrx_word' id='word_1_255' title='bbox 1319 2418 1387 2452; x_wconf 72' lang='grc' dir='ltr'>κτλ.</span> <span class='ocrx_word' id='word_1_256' title='bbox 1439 2411 1567 2447; x_wconf 58' lang='lat' dir='ltr'>Liceat</span> 
     </span>
     <span class='ocr_line' id='line_1_33' title="bbox 141 2473 1568 2523; baseline -0.004 -11"><span class='ocrx_word' id='word_1_257' title='bbox 141 2477 289 2513; x_wconf 90' lang='lat' dir='ltr'>Zenobii</span> <span class='ocrx_word' id='word_1_258' title='bbox 314 2478 374 2514; x_wconf 90' lang='lat' dir='ltr'>hic</span> <span class='ocrx_word' id='word_1_259' title='bbox 399 2479 528 2514; x_wconf 85' lang='lat' dir='ltr'>afferre</span> <span class='ocrx_word' id='word_1_260' title='bbox 554 2479 666 2513; x_wconf 84' lang='lat' dir='ltr'>uerba</span> <span class='ocrx_word' id='word_1_261' title='bbox 693 2478 755 2523; x_wconf 91' lang='lat' dir='ltr'>qui</span> <span class='ocrx_word' id='word_1_262' title='bbox 781 2478 841 2513; x_wconf 89' lang='lat' dir='ltr'>ubi</span> <span class='ocrx_word' id='word_1_263' title='bbox 876 2479 909 2513; x_wconf 91' lang='lat' dir='ltr'>V</span> <span class='ocrx_word' id='word_1_264' title='bbox 936 2478 981 2513; x_wconf 85' lang='lat'>68</span> <span class='ocrx_word' id='word_1_265' title='bbox 1016 2474 1227 2511; x_wconf 86' lang='lat' dir='ltr'>Archilochi</span> <span class='ocrx_word' id='word_1_266' title='bbox 1262 2473 1568 2509; x_wconf 77' lang='lat' dir='ltr'>commemorauit,</span> 
     </span>
     <span class='ocr_line' id='line_1_34' title="bbox 141 2530 1562 2580; baseline -0.002 -11"><span class='ocrx_word' id='word_1_267' title='bbox 141 2534 409 2580; x_wconf 81' lang='lat' dir='ltr'>prouerbialem</span> <span class='ocrx_word' id='word_1_268' title='bbox 422 2534 645 2570; x_wconf 75' lang='lat' dir='ltr'>sententiam</span> <span class='ocrx_word' id='word_1_269' title='bbox 665 2546 683 2569; x_wconf 91' lang='lat' dir='ltr'>e</span> <span class='ocrx_word' id='word_1_270' title='bbox 697 2535 823 2570; x_wconf 81' lang='lat' dir='ltr'>fabula</span> <span class='ocrx_word' id='word_1_271' title='bbox 840 2537 881 2570; x_wconf 85' lang='lat' dir='ltr'>ut</span> <span class='ocrx_word' id='word_1_272' title='bbox 897 2534 1045 2570; x_wconf 80' lang='lat' dir='ltr'>uidetur</span> <span class='ocrx_word' id='word_1_273' title='bbox 1064 2532 1217 2579; x_wconf 76' lang='lat' dir='ltr'>petitam</span> <span class='ocrx_word' id='word_1_274' title='bbox 1239 2535 1336 2568; x_wconf 72' lang='lat' dir='ltr'>mm:</span> <span class='ocrx_word' id='word_1_275' title='bbox 1364 2530 1440 2568; x_wconf 77' lang='grc' dir='ltr'>οἶδ’</span> <span class='ocrx_word' id='word_1_276' title='bbox 1468 2533 1562 2566; x_wconf 71' lang='grc' dir='ltr'><em>(ἐλώ-</em></span> 
     </span>
     <span class='ocr_line' id='line_1_35' title="bbox 143 2591 1562 2640; baseline 0 -13"><span class='ocrx_word' id='word_1_277' title='bbox 143 2597 222 2636; x_wconf 73' lang='grc' dir='ltr'>πηξ,</span> <span class='ocrx_word' id='word_1_278' title='bbox 249 2596 320 2628; x_wconf 75' lang='grc' dir='ltr'>ἀλλ’</span> <span class='ocrx_word' id='word_1_279' title='bbox 345 2596 467 2639; x_wconf 71' lang='grc' dir='ltr'><strong><em>ἐχῖνος</em></strong></span> <span class='ocrx_word' id='word_1_280' title='bbox 491 2594 534 2628; x_wconf 77' lang='grc' dir='ltr'>’ἐν</span> <span class='ocrx_word' id='word_1_281' title='bbox 555 2595 655 2640; x_wconf 78' lang='grc' dir='ltr'>μέγα</span> <span class='ocrx_word' id='word_1_282' title='bbox 671 2591 808 2637; x_wconf 80' lang='lat' dir='ltr'>pergit:</span> <span class='ocrx_word' id='word_1_283' title='bbox 835 2595 972 2640; x_wconf 71' lang='grc' dir='ltr'><em>γράφει</em></span> <span class='ocrx_word' id='word_1_284' title='bbox 1002 2594 1041 2627; x_wconf 77' lang='grc' dir='ltr'>δὲ</span> <span class='ocrx_word' id='word_1_285' title='bbox 1077 2597 1136 2627; x_wconf 76' lang='grc' dir='ltr'>καὶ</span> <span class='ocrx_word' id='word_1_286' title='bbox 1155 2593 1315 2640; x_wconf 68' lang='grc' dir='ltr'>’Όμηρος</span> <span class='ocrx_word' id='word_1_287' title='bbox 1338 2598 1400 2629; x_wconf 75' lang='grc' dir='ltr'>τὸν</span> <span class='ocrx_word' id='word_1_288' title='bbox 1429 2599 1562 2638; x_wconf 70' lang='grc' dir='ltr'>στίχον,</span> 
     </span>
     <span class='ocr_line' id='line_1_36' title="bbox 142 2649 1566 2698; baseline 0.001 -12"><span class='ocrx_word' id='word_1_289' title='bbox 142 2653 181 2686; x_wconf 79' lang='lat' dir='ltr'>et</span> <span class='ocrx_word' id='word_1_290' title='bbox 205 2649 473 2686; x_wconf 83' lang='lat' dir='ltr'>Schneidewini</span> <span class='ocrx_word' id='word_1_291' title='bbox 499 2652 544 2686; x_wconf 86' lang='lat' dir='ltr'>ad</span> <span class='ocrx_word' id='word_1_292' title='bbox 570 2652 661 2687; x_wconf 84' lang='lat' dir='ltr'>haec</span> <span class='ocrx_word' id='word_1_293' title='bbox 687 2652 918 2687; x_wconf 82' lang='lat' dir='ltr'>adnotantis:</span> <span class='ocrx_word' id='word_1_294' title='bbox 955 2652 1000 2687; x_wconf 83' lang='lat' dir='ltr'>ad</span> <span class='ocrx_word' id='word_1_295' title='bbox 1027 2652 1207 2698; x_wconf 84' lang='lat' dir='ltr'>cyclicum</span> <span class='ocrx_word' id='word_1_296' title='bbox 1233 2664 1379 2687; x_wconf 82' lang='lat' dir='ltr'>carmen</span> <span class='ocrx_word' id='word_1_297' title='bbox 1404 2653 1566 2688; x_wconf 75' lang='lat' dir='ltr'>fortasse</span> 
     </span>
     <span class='ocr_line' id='line_1_37' title="bbox 142 2709 606 2744; baseline 0.004 -2"><span class='ocrx_word' id='word_1_298' title='bbox 142 2718 274 2742; x_wconf 85' lang='lat' dir='ltr'>uersus</span> <span class='ocrx_word' id='word_1_299' title='bbox 300 2710 358 2743; x_wconf 82' lang='lat' dir='ltr'>est</span> <span class='ocrx_word' id='word_1_300' title='bbox 381 2709 606 2744; x_wconf 83' lang='lat' dir='ltr'>referendus.</span> 
     </span>
    </p>
   </div>
  </div>
 </body>
</html>
