1937 3032
840 188 880 220 15

146 284 268 325 simis
302 284 441 336 iisque
473 283 725 333 tritissimis7
760 281 1040 335 Sapphonem
1075 282 1253 323 omnino
1303 282 1568 324 abstinuisse

147 356 189 394 et
221 351 303 392 illis
336 350 605 403 temporibus
637 354 790 402 poetas
825 363 911 391 non
945 355 1035 391 tam
1070 362 1181 403 quae
1216 349 1271 391 ab
1316 351 1420 402 ipsis
1455 352 1570 403 cogi—

145 419 352 461 tabantur
392 431 523 472 quam
557 431 669 472 quae
702 419 832 460 totius
866 418 1118 471 plerumque
1152 418 1298 471 populi
1331 418 1569 470 implebant

147 487 456 540 agitabantque
490 491 658 528 mentes
693 487 960 528 carminibus
995 487 1175 528 reddere
1209 487 1360 528 solitos
1395 499 1492 528 esse
1527 493 1566 528 et

146 555 332 597 Lesbum
365 567 453 596 non
484 554 578 607 plus
613 555 775 596 distare
809 554 864 596 ab
883 555 1016 596 Asiae
1049 555 1173 596 litore
1207 567 1339 608 quam
1371 554 1567 597 Samum,

144 623 218 664 ubi
236 624 323 664 iam
343 622 517 664 fabulae
531 622 756 664 florebant.
786 628 824 663 et
850 624 960 663 inter
976 623 1162 664 Lesbum
1192 622 1373 665 Samum
1407 623 1565 664 Parum

144 691 384 744 antiquitus
419 690 552 732 fuisse
571 691 884 732 commercium
909 690 1110 744 frequens
1126 689 1155 745 1)
1192 691 1364 732 fabulae
1383 690 1438 732 ab
1457 691 1569 733 Aeo-

143 759 229 800 lica
260 764 388 812 gente
422 764 494 800 aut
529 760 755 811 ignoratae
789 765 863 800 aut
897 760 931 800 si
954 772 1066 812 quae
1090 761 1145 801 ad
1171 772 1269 801 eam
1291 760 1569 812 peruenerint

127 841 322 885 *prorsus
354 828 610 880 repudiatae
634 833 764 880 atque
789 833 1067 880 contemptae
1089 829 1291 869 uidentur
1316 829 1421 869 mihi
1456 841 1565 870 esse.

232 896 279 937 In
321 895 563 938 Stesichori
603 896 871 937 Himerensis
918 896 1187 937 carminibus
1230 910 1342 950 quae
1377 902 1567 938 aetatem

141 964 334 1006 tulerunt
372 964 537 1006 nullum
563 963 737 1006 fabulae
761 965 978 1005 inuenitur
1004 965 1250 1016 uestigium.
1289 966 1449 1007 Verum
1474 966 1568 1007 Ari-

141 1032 323 1074 stoteles
357 1033 466 1074 rhet.
502 1032 535 1073 Π
569 1032 637 1073 20.
674 1032 796 1073 cuius
830 1031 965 1072 uerba
999 1033 1054 1072 ad
1076 1032 1305 1073 Philistum
1329 1034 1459 1074 etiam
1494 1046 1568 1074 ue-

142 1101 370 1143 tustiorem
403 1106 629 1142 auctorem
662 1100 891 1141 referenda
925 1112 1023 1142 esse
1049 1101 1258 1153 Bergkius
1277 1107 1390 1154 poet.
1412 1102 1492 1155 lyr.
1510 1102 1566 1143 111

141 1182 182 1222 p.
217 1168 302 1210 233
350 1169 468 1210 haud
515 1169 658 1221 inepte
702 1173 864 1220 censet,
916 1181 941 1209 a
975 1168 1229 1211 Stesichoro
1275 1170 1467 1211 fabulam
1515 1172 1566 1212 de

142 1249 272 1279 cervo
306 1242 347 1278 et
380 1249 490 1290 equo
524 1236 852 1278 Himerensibus
887 1242 1114 1278 narratam
1138 1250 1236 1279 esse
1258 1238 1388 1279 tradit
1412 1239 1567 1280 cohor-

140 1309 230 1346 tem
262 1306 527 1359 praetoriam
563 1305 783 1346 Phalaridi
818 1306 996 1347 daturis.
1032 1306 1079 1347 Ei
1114 1307 1287 1360 quidem
1315 1308 1566 1349 testimonio

140 1374 343 1427 quamuis
387 1375 624 1416 uetustiore
668 1373 854 1415 fortasse
899 1374 1069 1416 firmato
1104 1375 1271 1416 Philisti
1305 1377 1565 1418 auctoritate

141 1441 422 1484 diffidendum
457 1454 555 1484 esse
595 1442 677 1483 sibi
718 1448 1027 1495 persuaserunt
1065 1444 1321 1485 Welckerus
1361 1457 1510 1497 opusc.
1551 1445 1565 1486 l

140 1523 180 1563 p.
215 1511 300 1552 212
334 1515 375 1552 et
394 1510 608 1552 Weberus
641 1516 754 1564 poet.
791 1511 895 1563 eleg.
931 1511 1084 1553 Graec.
1118 1526 1157 1565 p.
1194 1513 1291 1554 311.
1327 1515 1403 1554 sed
1437 1515 1566 1566 Berg-

141 1578 237 1620 kius
270 1578 369 1620 hist.
409 1579 486 1620 litt.
523 1578 593 1621 Gr.
629 1579 662 1620 II
694 1593 734 1632 p.
770 1579 854 1620 289
889 1584 929 1620 et
962 1585 1075 1632 poet.
1115 1581 1190 1634 lyr.
1226 1581 1250 1621 l.
1286 1581 1311 1622 l.
1362 1582 1564 1624 Flachius

140 1646 240 1687 hist.
273 1646 350 1700 lyr.
386 1646 456 1689 Gr.
492 1647 507 1688 Ι
539 1661 578 1700 p.
615 1647 699 1688 329
734 1647 901 1690 Sittlius
935 1649 1033 1690 hist.
1072 1649 1148 1690 litt.
1186 1649 1255 1691 Gr.
1291 1650 1366 1703 lp.
1392 1651 1566 1692 305111-

139 1714 199 1755 hil
233 1714 329 1756 fidei
363 1715 681 1757 detrahendum
716 1728 813 1758 esse
848 1723 1230 1759 asseuerauerunt.
1267 1719 1329 1760 Ac
1363 1719 1564 1760 Welcke-

138 1794 226 1834 rus,
261 1795 347 1836 qua
379 1788 472 1825 erat
507 1784 724 1836 cogitandi
769 1785 1020 1826 subtilitate.
1057 1799 1082 1827 a
1105 1785 1371 1838 Stesichoro7
1407 1792 1452 1828 ut
1473 1800 1565 1828 om-

138 1851 242 1892 nino
275 1851 499 1893 hominum
536 1854 607 1906 qui
641 1854 833 1895 cuiusuis
867 1859 1168 1906 premerentur
1200 1855 1442 1908 tyrannidis
1484 1856 1565 1896 im-

138 1920 405 1972 portunitate
438 1921 704 1963 describeret
737 1922 1056 1973 condicionem⁷
1105 1923 1219 1964 hanc
1263 1923 1457 1965 fabulam
1500 1925 1564 1965 in-

138 1992 317 2030 uentam
351 2001 448 2031 esse
482 1991 697 2041 concedit,
732 1991 938 2032 inuentae
972 1991 1027 2032 ab
1063 1992 1149 2033 alio
1184 1993 1334 2034 nescio
1368 2006 1452 2046 quo
1487 1993 1563 2034 ad-

137 2055 286 2098 fictam
320 2069 418 2099 esse
451 2060 750 2100 narrationem
785 2060 837 2101 de
871 2060 1193 2102 Himerensium
1227 2065 1387 2102 conatu
1429 2061 1564 2104 Stesi-

137 2124 346 2179 chorique
379 2127 669 2169 dissuasione.
705 2128 814 2169 Huic
848 2130 1093 2171 sententiae
1118 2130 1219 2183 quid
1256 2129 1407 2177 facias,
1443 2130 1562 2171 haud

138 2193 337 2246 ambigas
370 2196 627 2248 quaestione
661 2197 717 2238 ad
765 2197 880 2238 hunc
928 2199 1140 2250 perducta
1186 2198 1346 2240 locum.
1410 2199 1561 2254 Neque

135 2262 252 2303 enim
285 2276 478 2317 unquam
514 2263 676 2306 factum
711 2277 808 2306 esse
842 2266 984 2307 adhuc
1022 2267 1224 2318 uidimus,
1278 2271 1323 2308 ut
1365 2280 1561 2309 commu-

238 2395 262 2440 ¹)
289 2395 408 2430 Tanta
443 2396 617 2439 locorum,
654 2409 746 2442 quae
782 2398 997 2432 commercio
1036 2398 1132 2433 inter
1157 2411 1196 2434 se
1223 2400 1418 2436 coniuncta
1445 2401 1560 2436 fuisse

139 2453 238 2486 certo
264 2454 419 2488 constat.
446 2452 638 2488 uieinitate
665 2466 744 2488 meo
771 2453 848 2488 iure
874 2458 962 2500 puto
990 2454 1043 2489 uti
1070 2455 1180 2490 licere
1206 2456 1428 2497 testimonio,
1451 2457 1560 2502 siqui-

139 2507 221 2542 dem
247 2507 343 2542 doeti
370 2508 440 2543 uiri
467 2509 526 2543 uel
552 2509 880 2544 remotissimarum
906 2510 1097 2555 regionum
1125 2512 1199 2546 situ
1218 2512 1318 2547 nullo
1340 2513 1558 2558 obloquente

137 2563 242 2598 abusi
280 2567 365 2599 sunt
403 2565 447 2599 ad
485 2565 694 2600 fabularum
732 2566 911 2611 originem
955 2567 1295 2610 demonstrandam,
1338 2581 1559 2615 quamquam

137 2619 266 2655 idoneo
300 2620 384 2656 illas
416 2621 513 2657 inter
547 2634 587 2658 se
619 2623 834 2658 commercio
872 2623 1016 2659 iunctas
1051 2625 1167 2659 fuisse
1194 2625 1262 2671 ipsi
1289 2625 1381 2661 satis
1407 2627 1559 2672 probare

137 2676 348 2722 nequibant.
