<?xml version="1.0" encoding="UTF-8"?>
<!DOCTYPE html PUBLIC "-//W3C//DTD XHTML 1.0 Transitional//EN"
    "http://www.w3.org/TR/xhtml1/DTD/xhtml1-transitional.dtd">
<html xmlns="http://www.w3.org/1999/xhtml" xml:lang="en" lang="en">
 <head>
  <title>
</title>
<meta http-equiv="Content-Type" content="text/html;charset=utf-8" />
  <meta name='ocr-system' content='tesseract 3.04.00' />
  <meta name='ocr-capabilities' content='ocr_page ocr_carea ocr_par ocr_line ocrx_word'/>
</head>
<body>
  <div class='ocr_page' id='page_1' title='image "apologigraeciant00neubuoft_0041.png"; bbox 0 0 1863 3043; ppageno 0'>
   <div class='ocr_carea' id='block_1_1' title="bbox 131 278 1569 2113">
    <p class='ocr_par' dir='ltr' id='par_1_1' title="bbox 131 278 1569 2113">
     <span class='ocr_line' id='line_1_1' title="bbox 131 278 1552 331; baseline -0.004 -7"><span class='ocrx_word' id='word_1_1' title='bbox 131 287 289 324; x_wconf 85' lang='lat' dir='ltr'>natura</span> <span class='ocrx_word' id='word_1_2' title='bbox 331 281 561 322; x_wconf 81' lang='lat' dir='ltr'>credamus</span> <span class='ocrx_word' id='word_1_3' title='bbox 607 292 791 322; x_wconf 89' lang='lat' dir='ltr'>necesse</span> <span class='ocrx_word' id='word_1_4' title='bbox 833 284 911 322; x_wconf 88' lang='lat' dir='ltr'>est.</span> <span class='ocrx_word' id='word_1_5' title='bbox 975 279 1083 320; x_wconf 91' lang='lat' dir='ltr'>Eam</span> <span class='ocrx_word' id='word_1_6' title='bbox 1126 283 1272 320; x_wconf 89' lang='lat' dir='ltr'>autem</span> <span class='ocrx_word' id='word_1_7' title='bbox 1311 279 1406 331; x_wconf 90' lang='lat' dir='ltr'>ipso</span> <span class='ocrx_word' id='word_1_8' title='bbox 1440 278 1552 319; x_wconf 88' lang='lat' dir='ltr'>illius</span> 
     </span>
     <span class='ocr_line' id='line_1_2' title="bbox 133 346 1553 402; baseline -0.003 -11"><span class='ocrx_word' id='word_1_9' title='bbox 133 351 308 393; x_wconf 91' lang='lat' dir='ltr'>nomine</span> <span class='ocrx_word' id='word_1_10' title='bbox 349 349 626 402; x_wconf 86' lang='lat' dir='ltr'>perspicuum</span> <span class='ocrx_word' id='word_1_11' title='bbox 670 353 734 390; x_wconf 88' lang='lat' dir='ltr'>est</span> <span class='ocrx_word' id='word_1_12' title='bbox 777 347 1014 400; x_wconf 87' lang='lat' dir='ltr'>significari</span> <span class='ocrx_word' id='word_1_13' title='bbox 1045 348 1326 388; x_wconf 87' lang='lat' dir='ltr'>uerissimam</span> <span class='ocrx_word' id='word_1_14' title='bbox 1360 351 1455 388; x_wconf 91' lang='lat' dir='ltr'>orto</span> <span class='ocrx_word' id='word_1_15' title='bbox 1487 346 1553 387; x_wconf 91' lang='lat' dir='ltr'>ui-</span> 
     </span>
     <span class='ocr_line' id='line_1_3' title="bbox 133 414 1553 469; baseline -0.004 -8"><span class='ocrx_word' id='word_1_16' title='bbox 133 419 289 461; x_wconf 82' lang='lat' dir='ltr'>delicet</span> <span class='ocrx_word' id='word_1_17' title='bbox 321 430 347 459; x_wconf 92' lang='lat' dir='ltr'>a</span> <span class='ocrx_word' id='word_1_18' title='bbox 379 416 513 458; x_wconf 91' lang='lat' dir='ltr'>uerbo</span> <span class='ocrx_word' id='word_1_19' title='bbox 547 418 768 454; x_wconf 53' lang='lat' dir='ltr'>wemmam</span> <span class='ocrx_word' id='word_1_20' title='bbox 794 418 818 457; x_wconf 88' lang='lat' dir='ltr'>i.</span> <span class='ocrx_word' id='word_1_21' title='bbox 855 428 890 457; x_wconf 89' lang='lat' dir='ltr'>e.</span> <span class='ocrx_word' id='word_1_22' title='bbox 925 416 1191 469; x_wconf 69' lang='lat' dir='ltr'>persuaderi,</span> <span class='ocrx_word' id='word_1_23' title='bbox 1227 415 1421 468; x_wconf 86' lang='lat' dir='ltr'>obsequi.</span> <span class='ocrx_word' id='word_1_24' title='bbox 1457 414 1553 456; x_wconf 84' lang='lat' dir='ltr'>Sui-</span> 
     </span>
     <span class='ocr_line' id='line_1_4' title="bbox 135 483 1552 540; baseline -0.005 -11"><span class='ocrx_word' id='word_1_25' title='bbox 135 488 213 529; x_wconf 89' lang='lat' dir='ltr'>das</span> <span class='ocrx_word' id='word_1_26' title='bbox 246 486 419 540; x_wconf 87' lang='lat' dir='ltr'>quidem</span> <span class='ocrx_word' id='word_1_27' title='bbox 452 485 523 537; x_wconf 85' lang='lat' dir='ltr'>qui</span> <span class='ocrx_word' id='word_1_28' title='bbox 558 485 818 526; x_wconf 81' lang='lat' dir='ltr'>concinente</span> <span class='ocrx_word' id='word_1_29' title='bbox 852 485 914 525; x_wconf 88' lang='lat' dir='ltr'>Et.</span> <span class='ocrx_word' id='word_1_30' title='bbox 949 483 1003 525; x_wconf 90' lang='lat' dir='ltr'>M.</span> <span class='ocrx_word' id='word_1_31' title='bbox 1049 484 1237 525; x_wconf 88' lang='lat' dir='ltr'>deriuari</span> <span class='ocrx_word' id='word_1_32' title='bbox 1271 483 1363 524; x_wconf 88' lang='lat' dir='ltr'>uult</span> <span class='ocrx_word' id='word_1_33' title='bbox 1395 495 1552 524; x_wconf 90' lang='lat' dir='ltr'>uocem</span> 
     </span>
     <span class='ocr_line' id='line_1_5' title="bbox 135 547 1554 604; baseline -0.001 -12"><span class='ocrx_word' id='word_1_34' title='bbox 135 559 315 604; x_wconf 59' lang='grc' dir='ltr'>πίθηκος</span> <span class='ocrx_word' id='word_1_35' title='bbox 345 552 459 602; x_wconf 76' lang='grc' dir='ltr'><em>παρὰ</em></span> <span class='ocrx_word' id='word_1_36' title='bbox 482 552 526 589; x_wconf 82' lang='grc' dir='ltr'>τό</span> <span class='ocrx_word' id='word_1_37' title='bbox 546 552 680 599; x_wconf 75' lang='grc' dir='ltr'><em>πιθοῦ,</em></span> <span class='ocrx_word' id='word_1_38' title='bbox 711 551 900 603; x_wconf 64' lang='grc' dir='ltr'>πιθήσω·</span> <span class='ocrx_word' id='word_1_39' title='bbox 925 552 1057 590; x_wconf 47' lang='grc' dir='ltr'><em>πόθει</em></span> <span class='ocrx_word' id='word_1_40' title='bbox 1082 551 1158 602; x_wconf 71' lang='grc' dir='ltr'>γάρ</span> <span class='ocrx_word' id='word_1_41' title='bbox 1187 547 1293 602; x_wconf 67' lang='grc' dir='ltr'>ἡμᾶς</span> <span class='ocrx_word' id='word_1_42' title='bbox 1316 550 1554 603; x_wconf 80' lang='lat' dir='ltr'>obloquen-</span> 
     </span>
     <span class='ocr_line' id='line_1_6' title="bbox 134 618 1553 672; baseline -0.003 -9"><span class='ocrx_word' id='word_1_43' title='bbox 134 627 223 664; x_wconf 89' lang='lat' dir='ltr'>tem</span> <span class='ocrx_word' id='word_1_44' title='bbox 254 621 343 662; x_wconf 91' lang='lat' dir='ltr'>iam</span> <span class='ocrx_word' id='word_1_45' title='bbox 375 619 526 661; x_wconf 88' lang='lat' dir='ltr'>habuit</span> <span class='ocrx_word' id='word_1_46' title='bbox 559 620 795 661; x_wconf 87' lang='lat' dir='ltr'>Henricum</span> <span class='ocrx_word' id='word_1_47' title='bbox 815 620 1086 672; x_wconf 79' lang='lat' dir='ltr'>Stephanum</span> <span class='ocrx_word' id='word_1_48' title='bbox 1120 624 1162 661; x_wconf 91' lang='lat' dir='ltr'>et</span> <span class='ocrx_word' id='word_1_49' title='bbox 1194 620 1287 672; x_wconf 91' lang='lat' dir='ltr'>ipse</span> <span class='ocrx_word' id='word_1_50' title='bbox 1309 631 1356 660; x_wconf 90' lang='lat' dir='ltr'>se</span> <span class='ocrx_word' id='word_1_51' title='bbox 1379 618 1553 670; x_wconf 82' lang='lat' dir='ltr'>refutat,</span> 
     </span>
     <span class='ocr_line' id='line_1_7' title="bbox 136 686 1556 741; baseline -0.004 -10"><span class='ocrx_word' id='word_1_52' title='bbox 136 703 235 731; x_wconf 82' lang='lat' dir='ltr'>cum</span> <span class='ocrx_word' id='word_1_53' title='bbox 270 687 450 740; x_wconf 67' lang='grc' dir='ltr'>πίθηκον</span> <span class='ocrx_word' id='word_1_54' title='bbox 481 689 595 730; x_wconf 91' lang='lat' dir='ltr'>idem</span> <span class='ocrx_word' id='word_1_55' title='bbox 630 688 778 730; x_wconf 88' lang='lat' dir='ltr'>ualere</span> <span class='ocrx_word' id='word_1_56' title='bbox 812 689 1029 741; x_wconf 80' lang='lat' dir='ltr'>prioribus</span> <span class='ocrx_word' id='word_1_57' title='bbox 1063 689 1167 730; x_wconf 87' lang='lat' dir='ltr'>dicit</span> <span class='ocrx_word' id='word_1_58' title='bbox 1191 701 1243 729; x_wconf 89' lang='lat' dir='ltr'>ac</span> <span class='ocrx_word' id='word_1_59' title='bbox 1263 700 1419 729; x_wconf 89' lang='lat' dir='ltr'>uocem</span> <span class='ocrx_word' id='word_1_60' title='bbox 1439 686 1556 736; x_wconf 77' lang='grc' dir='ltr'>μιμώ</span> 
     </span>
     <span class='ocr_line' id='line_1_8' title="bbox 135 754 1557 811; baseline -0.004 -11"><span class='ocrx_word' id='word_1_61' title='bbox 135 759 346 811; x_wconf 85' lang='lat' dir='ltr'>originem</span> <span class='ocrx_word' id='word_1_62' title='bbox 380 757 611 799; x_wconf 87' lang='lat' dir='ltr'>ducentem</span> <span class='ocrx_word' id='word_1_63' title='bbox 645 769 671 798; x_wconf 92' lang='lat' dir='ltr'>a</span> <span class='ocrx_word' id='word_1_64' title='bbox 702 758 938 805; x_wconf 58' lang='grc' dir='ltr'><em>μιμεῖσθαι.</em></span> <span class='ocrx_word' id='word_1_65' title='bbox 975 757 1070 807; x_wconf 86' lang='lat' dir='ltr'>Qua</span> <span class='ocrx_word' id='word_1_66' title='bbox 1101 761 1276 810; x_wconf 87' lang='lat' dir='ltr'>propter</span> <span class='ocrx_word' id='word_1_67' title='bbox 1307 757 1352 797; x_wconf 91' lang='lat' dir='ltr'>in</span> <span class='ocrx_word' id='word_1_68' title='bbox 1386 768 1462 797; x_wconf 91' lang='lat' dir='ltr'>eos</span> <span class='ocrx_word' id='word_1_69' title='bbox 1485 754 1557 808; x_wconf 85' lang='lat' dir='ltr'>qui</span> 
     </span>
     <span class='ocr_line' id='line_1_9' title="bbox 135 823 1560 881; baseline -0.004 -12"><span class='ocrx_word' id='word_1_70' title='bbox 135 827 354 881; x_wconf 89' lang='lat' dir='ltr'>peruersis</span> <span class='ocrx_word' id='word_1_71' title='bbox 387 825 533 879; x_wconf 88' lang='lat' dir='ltr'>popoli</span> <span class='ocrx_word' id='word_1_72' title='bbox 567 825 760 867; x_wconf 86' lang='lat' dir='ltr'>consiliis</span> <span class='ocrx_word' id='word_1_73' title='bbox 794 823 1131 878; x_wconf 88' lang='lat' dir='ltr'>libidinibusque</span> <span class='ocrx_word' id='word_1_74' title='bbox 1170 824 1351 878; x_wconf 87' lang='lat' dir='ltr'>obsequi</span> <span class='ocrx_word' id='word_1_75' title='bbox 1379 827 1560 865; x_wconf 87' lang='lat' dir='ltr'>conten-</span> 
     </span>
     <span class='ocr_line' id='line_1_10' title="bbox 137 891 1557 948; baseline -0.003 -10"><span class='ocrx_word' id='word_1_76' title='bbox 137 897 243 938; x_wconf 90' lang='lat' dir='ltr'>dunt</span> <span class='ocrx_word' id='word_1_77' title='bbox 275 896 437 948; x_wconf 91' lang='lat' dir='ltr'>optime</span> <span class='ocrx_word' id='word_1_78' title='bbox 470 895 686 948; x_wconf 86' lang='lat' dir='ltr'>quadrare</span> <span class='ocrx_word' id='word_1_79' title='bbox 718 893 833 935; x_wconf 89' lang='lat' dir='ltr'>simii</span> <span class='ocrx_word' id='word_1_80' title='bbox 866 906 1041 945; x_wconf 85' lang='lat' dir='ltr'>nomen,</span> <span class='ocrx_word' id='word_1_81' title='bbox 1091 895 1127 935; x_wconf 93' lang='lat' dir='ltr'>si</span> <span class='ocrx_word' id='word_1_82' title='bbox 1166 907 1251 947; x_wconf 84' lang='lat' dir='ltr'>qua</span> <span class='ocrx_word' id='word_1_83' title='bbox 1284 893 1468 946; x_wconf 83' lang='lat' dir='ltr'>imagine</span> <span class='ocrx_word' id='word_1_84' title='bbox 1503 891 1557 933; x_wconf 87' lang='lat' dir='ltr'>ab</span> 
     </span>
     <span class='ocr_line' id='line_1_11' title="bbox 137 960 1558 1015; baseline -0.004 -9"><span class='ocrx_word' id='word_1_85' title='bbox 137 963 402 1007; x_wconf 87' lang='lat' dir='ltr'>animalibus</span> <span class='ocrx_word' id='word_1_86' title='bbox 445 967 619 1015; x_wconf 90' lang='lat' dir='ltr'>sumpta</span> <span class='ocrx_word' id='word_1_87' title='bbox 652 968 760 1015; x_wconf 86' lang='lat' dir='ltr'>opus</span> <span class='ocrx_word' id='word_1_88' title='bbox 795 966 873 1013; x_wconf 89' lang='lat' dir='ltr'>est,</span> <span class='ocrx_word' id='word_1_89' title='bbox 918 962 1247 1003; x_wconf 88' lang='lat' dir='ltr'>concedendum</span> <span class='ocrx_word' id='word_1_90' title='bbox 1281 966 1359 1003; x_wconf 89' lang='lat' dir='ltr'>est.</span> <span class='ocrx_word' id='word_1_91' title='bbox 1425 960 1558 1002; x_wconf 86' lang='lat' dir='ltr'>Cuius</span> 
     </span>
     <span class='ocr_line' id='line_1_12' title="bbox 137 1026 1560 1083; baseline -0.004 -9"><span class='ocrx_word' id='word_1_92' title='bbox 137 1032 327 1074; x_wconf 88' lang='lat' dir='ltr'>nominis</span> <span class='ocrx_word' id='word_1_93' title='bbox 370 1032 480 1073; x_wconf 87' lang='lat' dir='ltr'>adeo</span> <span class='ocrx_word' id='word_1_94' title='bbox 525 1030 708 1072; x_wconf 90' lang='lat' dir='ltr'>inualuit</span> <span class='ocrx_word' id='word_1_95' title='bbox 749 1043 855 1071; x_wconf 88' lang='lat' dir='ltr'>usus</span> <span class='ocrx_word' id='word_1_96' title='bbox 896 1026 1141 1071; x_wconf 84' lang='lat' dir='ltr'>tralaticius</span> <span class='ocrx_word' id='word_1_97' title='bbox 1174 1030 1410 1083; x_wconf 85' lang='lat' dir='ltr'>praecipue</span> <span class='ocrx_word' id='word_1_98' title='bbox 1444 1028 1560 1081; x_wconf 87' lang='lat' dir='ltr'>apud</span> 
     </span>
     <span class='ocr_line' id='line_1_13' title="bbox 139 1095 1558 1154; baseline -0.002 -11"><span class='ocrx_word' id='word_1_99' title='bbox 139 1113 227 1147; x_wconf 78' lang='lat' dir='ltr'>eos,</span> <span class='ocrx_word' id='word_1_100' title='bbox 262 1101 334 1154; x_wconf 85' lang='lat' dir='ltr'>qui</span> <span class='ocrx_word' id='word_1_101' title='bbox 367 1101 419 1142; x_wconf 88' lang='lat' dir='ltr'>de</span> <span class='ocrx_word' id='word_1_102' title='bbox 453 1099 599 1141; x_wconf 87' lang='lat' dir='ltr'>causis</span> <span class='ocrx_word' id='word_1_103' title='bbox 633 1097 822 1150; x_wconf 82' lang='lat' dir='ltr'>agebant</span> <span class='ocrx_word' id='word_1_104' title='bbox 853 1098 1052 1151; x_wconf 75' lang='lat' dir='ltr'>publicis,</span> <span class='ocrx_word' id='word_1_105' title='bbox 1102 1103 1148 1139; x_wconf 91' lang='lat' dir='ltr'>ut</span> <span class='ocrx_word' id='word_1_106' title='bbox 1187 1110 1321 1140; x_wconf 92' lang='lat' dir='ltr'>uoces</span> <span class='ocrx_word' id='word_1_107' title='bbox 1365 1095 1558 1147; x_wconf 67' lang='grc' dir='ltr'>πίθηκος,</span> 
     </span>
     <span class='ocr_line' id='line_1_14' title="bbox 139 1164 1560 1221; baseline -0.001 -15"><span class='ocrx_word' id='word_1_108' title='bbox 139 1166 376 1219; x_wconf 60' lang='grc' dir='ltr'>πιθηκιῖειν</span> <span class='ocrx_word' id='word_1_109' title='bbox 414 1168 663 1221; x_wconf 88' lang='lat' dir='ltr'>promiscue</span> <span class='ocrx_word' id='word_1_110' title='bbox 706 1167 1018 1208; x_wconf 84' lang='lat' dir='ltr'>adhiberentur</span> <span class='ocrx_word' id='word_1_111' title='bbox 1050 1179 1138 1207; x_wconf 91' lang='lat' dir='ltr'>non</span> <span class='ocrx_word' id='word_1_112' title='bbox 1171 1166 1310 1207; x_wconf 91' lang='lat' dir='ltr'>solum</span> <span class='ocrx_word' id='word_1_113' title='bbox 1345 1178 1421 1218; x_wconf 85' lang='lat' dir='ltr'>pro</span> <span class='ocrx_word' id='word_1_114' title='bbox 1455 1164 1560 1216; x_wconf 87' lang='lat' dir='ltr'>ipsis</span> 
     </span>
     <span class='ocr_line' id='line_1_15' title="bbox 140 1233 1564 1289; baseline 0 -16"><span class='ocrx_word' id='word_1_115' title='bbox 140 1234 265 1283; x_wconf 75' lang='grc' dir='ltr'><strong><em>κόλαξ</em></strong></span> <span class='ocrx_word' id='word_1_116' title='bbox 298 1240 340 1278; x_wconf 86' lang='lat' dir='ltr'>et</span> <span class='ocrx_word' id='word_1_117' title='bbox 375 1233 636 1274; x_wconf 53' lang='lat' dir='ltr'>unianimem</span> <span class='ocrx_word' id='word_1_118' title='bbox 652 1234 680 1289; x_wconf 72' lang='grc' dir='ltr'>ι’)</span> <span class='ocrx_word' id='word_1_119' title='bbox 713 1236 791 1276; x_wconf 91' lang='lat' dir='ltr'>sed</span> <span class='ocrx_word' id='word_1_120' title='bbox 810 1235 942 1276; x_wconf 89' lang='lat' dir='ltr'>etiam</span> <span class='ocrx_word' id='word_1_121' title='bbox 961 1248 1039 1288; x_wconf 89' lang='lat' dir='ltr'>pro</span> <span class='ocrx_word' id='word_1_122' title='bbox 1072 1235 1124 1276; x_wconf 89' lang='lat' dir='ltr'>iis</span> <span class='ocrx_word' id='word_1_123' title='bbox 1149 1235 1221 1288; x_wconf 83' lang='lat' dir='ltr'>qui</span> <span class='ocrx_word' id='word_1_124' title='bbox 1244 1234 1386 1276; x_wconf 86' lang='lat' dir='ltr'>malas</span> <span class='ocrx_word' id='word_1_125' title='bbox 1407 1244 1564 1286; x_wconf 81' lang='lat' dir='ltr'>seque-</span> 
     </span>
     <span class='ocr_line' id='line_1_16' title="bbox 138 1302 1564 1357; baseline -0.003 -11"><span class='ocrx_word' id='word_1_126' title='bbox 138 1309 288 1346; x_wconf 88' lang='lat' dir='ltr'>rentur</span> <span class='ocrx_word' id='word_1_127' title='bbox 320 1305 363 1345; x_wconf 92' lang='lat' dir='ltr'>in</span> <span class='ocrx_word' id='word_1_128' title='bbox 394 1317 442 1346; x_wconf 89' lang='lat' dir='ltr'>re</span> <span class='ocrx_word' id='word_1_129' title='bbox 473 1303 650 1357; x_wconf 88' lang='lat' dir='ltr'>publica</span> <span class='ocrx_word' id='word_1_130' title='bbox 683 1304 876 1345; x_wconf 83' lang='lat' dir='ltr'>rationes</span> <span class='ocrx_word' id='word_1_131' title='bbox 909 1308 984 1345; x_wconf 89' lang='lat' dir='ltr'>aut</span> <span class='ocrx_word' id='word_1_132' title='bbox 1017 1304 1195 1345; x_wconf 91' lang='lat' dir='ltr'>omnino</span> <span class='ocrx_word' id='word_1_133' title='bbox 1240 1302 1395 1356; x_wconf 87' lang='lat' dir='ltr'>quibus</span> <span class='ocrx_word' id='word_1_134' title='bbox 1440 1302 1564 1354; x_wconf 84' lang='lat' dir='ltr'>quid-</span> 
     </span>
     <span class='ocr_line' id='line_1_17' title="bbox 138 1370 1563 1425; baseline -0.003 -11"><span class='ocrx_word' id='word_1_135' title='bbox 138 1373 243 1414; x_wconf 85' lang='lat' dir='ltr'>libet</span> <span class='ocrx_word' id='word_1_136' title='bbox 284 1374 340 1414; x_wconf 90' lang='lat' dir='ltr'>ad</span> <span class='ocrx_word' id='word_1_137' title='bbox 384 1385 477 1414; x_wconf 89' lang='lat' dir='ltr'>rem</span> <span class='ocrx_word' id='word_1_138' title='bbox 533 1372 754 1425; x_wconf 88' lang='lat' dir='ltr'>publicam</span> <span class='ocrx_word' id='word_1_139' title='bbox 805 1377 1012 1425; x_wconf 89' lang='lat' dir='ltr'>spectans</span> <span class='ocrx_word' id='word_1_140' title='bbox 1064 1370 1297 1424; x_wconf 86' lang='lat' dir='ltr'>opprobrio</span> <span class='ocrx_word' id='word_1_141' title='bbox 1345 1381 1423 1411; x_wconf 90' lang='lat' dir='ltr'>seu</span> <span class='ocrx_word' id='word_1_142' title='bbox 1471 1370 1563 1410; x_wconf 90' lang='lat' dir='ltr'>iure</span> 
     </span>
     <span class='ocr_line' id='line_1_18' title="bbox 139 1441 1563 1495; baseline -0.004 -12"><span class='ocrx_word' id='word_1_143' title='bbox 139 1454 216 1483; x_wconf 86' lang='lat' dir='ltr'>seu</span> <span class='ocrx_word' id='word_1_144' title='bbox 257 1442 417 1483; x_wconf 87' lang='lat' dir='ltr'>iniuria</span> <span class='ocrx_word' id='word_1_145' title='bbox 449 1441 682 1495; x_wconf 73' lang='lat' dir='ltr'>daretur2).</span> <span class='ocrx_word' id='word_1_146' title='bbox 737 1441 829 1483; x_wconf 89' lang='lat' dir='ltr'>Iam</span> <span class='ocrx_word' id='word_1_147' title='bbox 873 1441 953 1482; x_wconf 86' lang='lat' dir='ltr'>etsi</span> <span class='ocrx_word' id='word_1_148' title='bbox 987 1441 1103 1493; x_wconf 86' lang='lat' dir='ltr'>apud</span> <span class='ocrx_word' id='word_1_149' title='bbox 1135 1443 1357 1481; x_wconf 81' lang='lat' dir='ltr'>nostrates</span> <span class='ocrx_word' id='word_1_150' title='bbox 1392 1449 1563 1491; x_wconf 82' lang='lat' dir='ltr'>quoque</span> 
     </span>
     <span class='ocr_line' id='line_1_19' title="bbox 141 1505 1563 1563; baseline -0.004 -11"><span class='ocrx_word' id='word_1_151' title='bbox 141 1515 183 1551; x_wconf 88' lang='lat' dir='ltr'>et</span> <span class='ocrx_word' id='word_1_152' title='bbox 215 1508 403 1552; x_wconf 87' lang='lat' dir='ltr'>fortasse</span> <span class='ocrx_word' id='word_1_153' title='bbox 444 1510 656 1563; x_wconf 86' lang='lat' dir='ltr'>plurimos</span> <span class='ocrx_word' id='word_1_154' title='bbox 700 1509 884 1562; x_wconf 88' lang='lat' dir='ltr'>populos</span> <span class='ocrx_word' id='word_1_155' title='bbox 929 1509 1045 1550; x_wconf 90' lang='lat' dir='ltr'>simii</span> <span class='ocrx_word' id='word_1_156' title='bbox 1078 1520 1240 1549; x_wconf 89' lang='lat' dir='ltr'>nomen</span> <span class='ocrx_word' id='word_1_157' title='bbox 1273 1507 1380 1548; x_wconf 86' lang='lat' dir='ltr'>satis</span> <span class='ocrx_word' id='word_1_158' title='bbox 1415 1505 1563 1546; x_wconf 89' lang='lat' dir='ltr'>multis</span> 
     </span>
     <span class='ocr_line' id='line_1_20' title="bbox 140 1575 1566 1632; baseline -0.004 -12"><span class='ocrx_word' id='word_1_159' title='bbox 140 1580 292 1620; x_wconf 89' lang='lat' dir='ltr'>teritur</span> <span class='ocrx_word' id='word_1_160' title='bbox 325 1584 367 1621; x_wconf 89' lang='lat' dir='ltr'>et</span> <span class='ocrx_word' id='word_1_161' title='bbox 398 1578 642 1632; x_wconf 87' lang='lat' dir='ltr'>prouerbiis</span> <span class='ocrx_word' id='word_1_162' title='bbox 661 1583 704 1620; x_wconf 91' lang='lat' dir='ltr'>et</span> <span class='ocrx_word' id='word_1_163' title='bbox 728 1578 954 1628; x_wconf 84' lang='lat' dir='ltr'>conuiciis,</span> <span class='ocrx_word' id='word_1_164' title='bbox 991 1589 1103 1630; x_wconf 86' lang='lat' dir='ltr'>quae</span> <span class='ocrx_word' id='word_1_165' title='bbox 1125 1577 1180 1618; x_wconf 88' lang='lat' dir='ltr'>ad</span> <span class='ocrx_word' id='word_1_166' title='bbox 1204 1575 1375 1617; x_wconf 88' lang='lat' dir='ltr'>fabulas</span> <span class='ocrx_word' id='word_1_167' title='bbox 1399 1586 1566 1627; x_wconf 88' lang='lat' dir='ltr'>nequa-</span> 
     </span>
     <span class='ocr_line' id='line_1_21' title="bbox 143 1644 1567 1702; baseline -0.004 -13"><span class='ocrx_word' id='word_1_168' title='bbox 143 1660 274 1702; x_wconf 85' lang='lat' dir='ltr'>quam</span> <span class='ocrx_word' id='word_1_169' title='bbox 307 1648 502 1697; x_wconf 86' lang='lat' dir='ltr'>redeunt,</span> <span class='ocrx_word' id='word_1_170' title='bbox 537 1652 686 1688; x_wconf 90' lang='lat' dir='ltr'>tamen</span> <span class='ocrx_word' id='word_1_171' title='bbox 719 1647 836 1688; x_wconf 89' lang='lat' dir='ltr'>hanc</span> <span class='ocrx_word' id='word_1_172' title='bbox 871 1645 1140 1688; x_wconf 89' lang='lat' dir='ltr'>Graecorum</span> <span class='ocrx_word' id='word_1_173' title='bbox 1175 1644 1348 1685; x_wconf 88' lang='lat' dir='ltr'>dicendi</span> <span class='ocrx_word' id='word_1_174' title='bbox 1381 1654 1567 1684; x_wconf 90' lang='lat' dir='ltr'>consue-</span> 
     </span>
     <span class='ocr_line' id='line_1_22' title="bbox 143 1713 1567 1764; baseline -0.004 -7"><span class='ocrx_word' id='word_1_175' title='bbox 143 1716 339 1758; x_wconf 88' lang='lat' dir='ltr'>tudinem</span> <span class='ocrx_word' id='word_1_176' title='bbox 380 1728 590 1757; x_wconf 88' lang='lat' dir='ltr'>manasse</span> <span class='ocrx_word' id='word_1_177' title='bbox 636 1727 689 1756; x_wconf 82' lang='lat' dir='ltr'>ex</span> <span class='ocrx_word' id='word_1_178' title='bbox 733 1715 881 1756; x_wconf 86' lang='lat' dir='ltr'>fabula</span> <span class='ocrx_word' id='word_1_179' title='bbox 925 1713 1284 1763; x_wconf 87' lang='lat' dir='ltr'>existimauerim,</span> <span class='ocrx_word' id='word_1_180' title='bbox 1333 1715 1567 1764; x_wconf 86' lang='lat' dir='ltr'>propterea</span> 
     </span>
     <span class='ocr_line' id='line_1_23' title="bbox 143 1782 1567 1837; baseline -0.004 -12"><span class='ocrx_word' id='word_1_181' title='bbox 143 1785 258 1837; x_wconf 83' lang='lat' dir='ltr'>quod</span> <span class='ocrx_word' id='word_1_182' title='bbox 291 1784 445 1826; x_wconf 89' lang='lat' dir='ltr'>eodem</span> <span class='ocrx_word' id='word_1_183' title='bbox 479 1784 655 1825; x_wconf 90' lang='lat' dir='ltr'>demum</span> <span class='ocrx_word' id='word_1_184' title='bbox 688 1783 761 1824; x_wconf 88' lang='lat' dir='ltr'>illa</span> <span class='ocrx_word' id='word_1_185' title='bbox 795 1787 891 1825; x_wconf 90' lang='lat' dir='ltr'>orta</span> <span class='ocrx_word' id='word_1_186' title='bbox 925 1794 1023 1823; x_wconf 88' lang='lat' dir='ltr'>esse</span> <span class='ocrx_word' id='word_1_187' title='bbox 1041 1782 1212 1822; x_wconf 89' lang='lat' dir='ltr'>uidetur</span> <span class='ocrx_word' id='word_1_188' title='bbox 1234 1785 1445 1832; x_wconf 87' lang='lat' dir='ltr'>tempore,</span> <span class='ocrx_word' id='word_1_189' title='bbox 1482 1791 1567 1832; x_wconf 87' lang='lat' dir='ltr'>quo</span> 
     </span>
     <span class='ocr_line' id='line_1_24' title="bbox 145 1847 1569 1906; baseline -0.005 -12"><span class='ocrx_word' id='word_1_190' title='bbox 145 1852 545 1906; x_wconf 85' lang='lat' dir='ltr'>frequentissimum</span> <span class='ocrx_word' id='word_1_191' title='bbox 579 1857 621 1894; x_wconf 92' lang='lat' dir='ltr'>et</span> <span class='ocrx_word' id='word_1_192' title='bbox 654 1853 890 1893; x_wconf 90' lang='lat' dir='ltr'>admodum</span> <span class='ocrx_word' id='word_1_193' title='bbox 924 1852 1127 1892; x_wconf 87' lang='lat' dir='ltr'>insanum</span> <span class='ocrx_word' id='word_1_194' title='bbox 1162 1849 1408 1891; x_wconf 84' lang='lat' dir='ltr'>fabularum</span> <span class='ocrx_word' id='word_1_195' title='bbox 1433 1847 1569 1889; x_wconf 81' lang='lat' dir='ltr'>fabel-</span> 
     </span>
     <span class='ocr_line' id='line_1_25' title="bbox 145 1915 1567 1975; baseline -0.005 -12"><span class='ocrx_word' id='word_1_196' title='bbox 145 1921 372 1975; x_wconf 85' lang='lat' dir='ltr'>larumque</span> <span class='ocrx_word' id='word_1_197' title='bbox 404 1935 533 1962; x_wconf 92' lang='lat' dir='ltr'>usum</span> <span class='ocrx_word' id='word_1_198' title='bbox 567 1921 764 1962; x_wconf 83' lang='lat' dir='ltr'>extitisse</span> <span class='ocrx_word' id='word_1_199' title='bbox 796 1920 980 1961; x_wconf 86' lang='lat' dir='ltr'>Athenis</span> <span class='ocrx_word' id='word_1_200' title='bbox 1014 1923 1133 1960; x_wconf 90' lang='lat' dir='ltr'>certo</span> <span class='ocrx_word' id='word_1_201' title='bbox 1158 1918 1335 1967; x_wconf 85' lang='lat' dir='ltr'>scimus,</span> <span class='ocrx_word' id='word_1_202' title='bbox 1371 1920 1413 1958; x_wconf 86' lang='lat' dir='ltr'>et</span> <span class='ocrx_word' id='word_1_203' title='bbox 1437 1915 1567 1957; x_wconf 89' lang='lat' dir='ltr'>rebus</span> 
     </span>
     <span class='ocr_line' id='line_1_26' title="bbox 145 1984 1565 2043; baseline -0.006 -11"><span class='ocrx_word' id='word_1_204' title='bbox 145 2002 257 2043; x_wconf 86' lang='lat' dir='ltr'>quae</span> <span class='ocrx_word' id='word_1_205' title='bbox 289 1990 346 2032; x_wconf 89' lang='lat' dir='ltr'>ad</span> <span class='ocrx_word' id='word_1_206' title='bbox 377 2002 547 2031; x_wconf 90' lang='lat' dir='ltr'>morum</span> <span class='ocrx_word' id='word_1_207' title='bbox 580 1989 846 2041; x_wconf 87' lang='lat' dir='ltr'>prauitatem</span> <span class='ocrx_word' id='word_1_208' title='bbox 880 1991 1082 2040; x_wconf 89' lang='lat' dir='ltr'>spectant</span> <span class='ocrx_word' id='word_1_209' title='bbox 1113 1985 1384 2027; x_wconf 89' lang='lat' dir='ltr'>inseruiebat</span> <span class='ocrx_word' id='word_1_210' title='bbox 1416 1984 1565 2037; x_wconf 88' lang='lat' dir='ltr'>palam</span> 
     </span>
     <span class='ocr_line' id='line_1_27' title="bbox 145 2053 1569 2113; baseline -0.005 -13"><span class='ocrx_word' id='word_1_211' title='bbox 145 2058 485 2112; x_wconf 86' lang='lat' dir='ltr'>perstringendis</span> <span class='ocrx_word' id='word_1_212' title='bbox 528 2070 668 2111; x_wconf 84' lang='lat' dir='ltr'>neque</span> <span class='ocrx_word' id='word_1_213' title='bbox 711 2062 802 2099; x_wconf 90' lang='lat' dir='ltr'>tam</span> <span class='ocrx_word' id='word_1_214' title='bbox 845 2069 977 2113; x_wconf 87' lang='lat' dir='ltr'>saepe</span> <span class='ocrx_word' id='word_1_215' title='bbox 1025 2061 1066 2097; x_wconf 91' lang='lat' dir='ltr'>et</span> <span class='ocrx_word' id='word_1_216' title='bbox 1099 2055 1232 2096; x_wconf 89' lang='lat' dir='ltr'>libere</span> <span class='ocrx_word' id='word_1_217' title='bbox 1266 2054 1338 2095; x_wconf 83' lang='lat' dir='ltr'>illa</span> <span class='ocrx_word' id='word_1_218' title='bbox 1384 2053 1569 2095; x_wconf 85' lang='lat' dir='ltr'>oratori-</span> 
     </span>
    </p>
   </div>
   <div class='ocr_carea' id='block_1_2' title="bbox 146 2177 333 2181">
    <p class='ocr_par' dir='ltr' id='par_1_2' title="bbox 146 2177 333 2181">
     <span class='ocr_line' id='line_1_28' title="bbox 146 2177 333 2181; baseline 0 0"><span class='ocrx_word' id='word_1_219' title='bbox 146 2177 333 2181; x_wconf 95' lang='lat' dir='ltr'> </span> 
     </span>
    </p>
   </div>
   <div class='ocr_carea' id='block_1_3' title="bbox 146 2209 1573 2717">
    <p class='ocr_par' dir='ltr' id='par_1_3' title="bbox 146 2209 1573 2482">
     <span class='ocr_line' id='line_1_29' title="bbox 246 2209 1570 2262; baseline -0.006 -11"><span class='ocrx_word' id='word_1_220' title='bbox 246 2217 270 2262; x_wconf 83' lang='lat'>¹)</span> <span class='ocrx_word' id='word_1_221' title='bbox 297 2217 399 2252; x_wconf 89' lang='lat' dir='ltr'>uelut</span> <span class='ocrx_word' id='word_1_222' title='bbox 425 2216 608 2261; x_wconf 87' lang='lat' dir='ltr'>Aristoph.</span> <span class='ocrx_word' id='word_1_223' title='bbox 635 2215 726 2249; x_wconf 84' lang='lat' dir='ltr'>Iocis</span> <span class='ocrx_word' id='word_1_224' title='bbox 753 2226 864 2260; x_wconf 84' lang='lat' dir='ltr'>supra</span> <span class='ocrx_word' id='word_1_225' title='bbox 890 2213 1051 2249; x_wconf 83' lang='lat' dir='ltr'>laudatis</span> <span class='ocrx_word' id='word_1_226' title='bbox 1077 2212 1256 2252; x_wconf 81' lang='lat' dir='ltr'>omnibus,</span> <span class='ocrx_word' id='word_1_227' title='bbox 1293 2211 1386 2245; x_wconf 88' lang='lat' dir='ltr'>Plat.</span> <span class='ocrx_word' id='word_1_228' title='bbox 1413 2222 1488 2256; x_wconf 91' lang='lat' dir='ltr'>rep.</span> <span class='ocrx_word' id='word_1_229' title='bbox 1518 2209 1570 2243; x_wconf 84' lang='lat' dir='ltr'>IX</span> 
     </span>
     <span class='ocr_line' id='line_1_30' title="bbox 147 2268 1570 2319; baseline -0.006 -10"><span class='ocrx_word' id='word_1_230' title='bbox 147 2275 216 2310; x_wconf 80' lang='lat'>590</span> <span class='ocrx_word' id='word_1_231' title='bbox 228 2274 268 2315; x_wconf 85' lang='lat' dir='ltr'>B,</span> <span class='ocrx_word' id='word_1_232' title='bbox 295 2273 431 2319; x_wconf 85' lang='lat' dir='ltr'>Phryn.</span> <span class='ocrx_word' id='word_1_233' title='bbox 458 2273 571 2307; x_wconf 77' lang='lat' dir='ltr'>Bekk.</span> <span class='ocrx_word' id='word_1_234' title='bbox 600 2284 657 2306; x_wconf 88' lang='lat' dir='ltr'>an.</span> <span class='ocrx_word' id='word_1_235' title='bbox 686 2274 740 2313; x_wconf 82' lang='lat'>34,</span> <span class='ocrx_word' id='word_1_236' title='bbox 759 2273 812 2307; x_wconf 87' lang='lat'>18.</span> <span class='ocrx_word' id='word_1_237' title='bbox 841 2272 890 2306; x_wconf 88' lang='lat' dir='ltr'>At</span> <span class='ocrx_word' id='word_1_238' title='bbox 905 2271 1054 2306; x_wconf 83' lang='lat' dir='ltr'>Pindari</span> <span class='ocrx_word' id='word_1_239' title='bbox 1079 2270 1157 2304; x_wconf 88' lang='lat' dir='ltr'>loco</span> <span class='ocrx_word' id='word_1_240' title='bbox 1184 2268 1292 2314; x_wconf 83' lang='lat' dir='ltr'>Pyth.</span> <span class='ocrx_word' id='word_1_241' title='bbox 1309 2270 1342 2308; x_wconf 84' lang='lat'>2,</span> <span class='ocrx_word' id='word_1_242' title='bbox 1365 2268 1409 2302; x_wconf 79' lang='lat'>73</span> <span class='ocrx_word' id='word_1_243' title='bbox 1436 2278 1570 2301; x_wconf 87' lang='lat' dir='ltr'>nomen</span> 
     </span>
     <span class='ocr_line' id='line_1_31' title="bbox 148 2323 1571 2374; baseline -0.006 -8"><span class='ocrx_word' id='word_1_244' title='bbox 148 2338 271 2367; x_wconf 65' lang='lat' dir='ltr'>milvum</span> <span class='ocrx_word' id='word_1_245' title='bbox 296 2342 367 2364; x_wconf 89' lang='lat' dir='ltr'>non</span> <span class='ocrx_word' id='word_1_246' title='bbox 383 2341 465 2364; x_wconf 91' lang='lat' dir='ltr'>eum</span> <span class='ocrx_word' id='word_1_247' title='bbox 491 2329 700 2373; x_wconf 82' lang='lat' dir='ltr'>significare</span> <span class='ocrx_word' id='word_1_248' title='bbox 727 2340 846 2374; x_wconf 79' lang='lat' dir='ltr'>posse,</span> <span class='ocrx_word' id='word_1_249' title='bbox 873 2327 935 2373; x_wconf 88' lang='lat' dir='ltr'>qui</span> <span class='ocrx_word' id='word_1_250' title='bbox 961 2327 1039 2373; x_wconf 88' lang='lat' dir='ltr'>ipse</span> <span class='ocrx_word' id='word_1_251' title='bbox 1058 2326 1238 2366; x_wconf 82' lang='lat' dir='ltr'>adulatur,</span> <span class='ocrx_word' id='word_1_252' title='bbox 1265 2325 1345 2370; x_wconf 84' lang='lat' dir='ltr'>ipsa</span> <span class='ocrx_word' id='word_1_253' title='bbox 1363 2323 1415 2358; x_wconf 90' lang='lat' dir='ltr'>rei</span> <span class='ocrx_word' id='word_1_254' title='bbox 1433 2323 1571 2369; x_wconf 87' lang='lat' dir='ltr'>simpli-</span> 
     </span>
     <span class='ocr_line' id='line_1_32' title="bbox 146 2384 1573 2434; baseline -0.006 -9"><span class='ocrx_word' id='word_1_255' title='bbox 146 2390 258 2426; x_wconf 83' lang='lat' dir='ltr'>citate</span> <span class='ocrx_word' id='word_1_256' title='bbox 284 2393 321 2425; x_wconf 89' lang='lat' dir='ltr'>et</span> <span class='ocrx_word' id='word_1_257' title='bbox 345 2390 589 2424; x_wconf 87' lang='lat' dir='ltr'>membrorum</span> <span class='ocrx_word' id='word_1_258' title='bbox 616 2389 653 2423; x_wconf 90' lang='lat' dir='ltr'>in</span> <span class='ocrx_word' id='word_1_259' title='bbox 680 2387 950 2434; x_wconf 82' lang='lat' dir='ltr'>comparatione</span> <span class='ocrx_word' id='word_1_260' title='bbox 978 2386 1201 2432; x_wconf 83' lang='lat' dir='ltr'>aequalitate</span> <span class='ocrx_word' id='word_1_261' title='bbox 1222 2384 1341 2419; x_wconf 83' lang='lat' dir='ltr'>euinci</span> <span class='ocrx_word' id='word_1_262' title='bbox 1369 2384 1441 2418; x_wconf 78' lang='lat' dir='ltr'>iani</span> <span class='ocrx_word' id='word_1_263' title='bbox 1462 2394 1573 2429; x_wconf 82' lang='lat' dir='ltr'>supra</span> 
     </span>
     <span class='ocr_line' id='line_1_33' title="bbox 148 2447 381 2482; baseline -0.004 0"><span class='ocrx_word' id='word_1_264' title='bbox 148 2447 287 2482; x_wconf 85' lang='lat' dir='ltr'>djctum</span> <span class='ocrx_word' id='word_1_265' title='bbox 315 2450 381 2482; x_wconf 87' lang='lat' dir='ltr'>est.</span> 
     </span>
    </p>

    <p class='ocr_par' dir='ltr' id='par_1_4' title="bbox 148 2505 1573 2717">
     <span class='ocr_line' id='line_1_34' title="bbox 244 2505 1570 2558; baseline -0.005 -11"><span class='ocrx_word' id='word_1_266' title='bbox 244 2513 270 2558; x_wconf 72' lang='lat'>²)</span> <span class='ocrx_word' id='word_1_267' title='bbox 298 2514 399 2547; x_wconf 83' lang='lat' dir='ltr'>uelut</span> <span class='ocrx_word' id='word_1_268' title='bbox 436 2513 569 2558; x_wconf 77' lang='lat' dir='ltr'>Phryn.</span> <span class='ocrx_word' id='word_1_269' title='bbox 610 2513 653 2546; x_wconf 87' lang='lat' dir='ltr'>fr.</span> <span class='ocrx_word' id='word_1_270' title='bbox 681 2513 760 2551; x_wconf 70' lang='lat'>588,</span> <span class='ocrx_word' id='word_1_271' title='bbox 801 2513 821 2546; x_wconf 82' lang='lat'>2</span> <span class='ocrx_word' id='word_1_272' title='bbox 857 2510 980 2550; x_wconf 66' lang='lat' dir='ltr'>Mein,</span> <span class='ocrx_word' id='word_1_273' title='bbox 1019 2507 1206 2553; x_wconf 86' lang='lat' dir='ltr'>Aristoph.</span> <span class='ocrx_word' id='word_1_274' title='bbox 1233 2507 1322 2541; x_wconf 80' lang='lat' dir='ltr'>Ach.</span> <span class='ocrx_word' id='word_1_275' title='bbox 1362 2507 1443 2547; x_wconf 76' lang='lat'>907,</span> <span class='ocrx_word' id='word_1_276' title='bbox 1483 2505 1570 2540; x_wconf 87' lang='lat' dir='ltr'>eccl.</span> 
     </span>
     <span class='ocr_line' id='line_1_35' title="bbox 150 2562 1572 2612; baseline -0.006 -8"><span class='ocrx_word' id='word_1_277' title='bbox 150 2571 250 2609; x_wconf 75' lang='lat'>1072,</span> <span class='ocrx_word' id='word_1_278' title='bbox 275 2568 388 2603; x_wconf 80' lang='lat' dir='ltr'>eiusd.</span> <span class='ocrx_word' id='word_1_279' title='bbox 415 2569 459 2602; x_wconf 90' lang='lat' dir='ltr'>fr.</span> <span class='ocrx_word' id='word_1_280' title='bbox 487 2569 553 2603; x_wconf 80' lang='lat'>347</span> <span class='ocrx_word' id='word_1_281' title='bbox 582 2567 702 2608; x_wconf 65' lang='lat' dir='ltr'>Dina„</span> <span class='ocrx_word' id='word_1_282' title='bbox 729 2567 821 2601; x_wconf 73' lang='lat' dir='ltr'>Piae.</span> <span class='ocrx_word' id='word_1_283' title='bbox 849 2566 956 2612; x_wconf 90' lang='lat' dir='ltr'>Hipp.</span> <span class='ocrx_word' id='word_1_284' title='bbox 979 2565 1052 2599; x_wconf 89' lang='lat' dir='ltr'>mai</span> <span class='ocrx_word' id='word_1_285' title='bbox 1080 2564 1197 2604; x_wconf 63' lang='lat'>2893,</span> <span class='ocrx_word' id='word_1_286' title='bbox 1226 2563 1415 2597; x_wconf 89' lang='lat' dir='ltr'>Demosth.</span> <span class='ocrx_word' id='word_1_287' title='bbox 1436 2562 1479 2596; x_wconf 88' lang='lat' dir='ltr'>de</span> <span class='ocrx_word' id='word_1_288' title='bbox 1500 2573 1572 2596; x_wconf 83' lang='lat' dir='ltr'>cor.</span> 
     </span>
     <span class='ocr_line' id='line_1_36' title="bbox 148 2618 1573 2670; baseline -0.006 -10"><span class='ocrx_word' id='word_1_289' title='bbox 148 2628 227 2666; x_wconf 79' lang='lat'>242,</span> <span class='ocrx_word' id='word_1_290' title='bbox 256 2625 389 2670; x_wconf 85' lang='lat' dir='ltr'>Phryn.</span> <span class='ocrx_word' id='word_1_291' title='bbox 416 2624 532 2658; x_wconf 85' lang='lat' dir='ltr'>Bekk.</span> <span class='ocrx_word' id='word_1_292' title='bbox 560 2636 617 2658; x_wconf 88' lang='lat' dir='ltr'>an.</span> <span class='ocrx_word' id='word_1_293' title='bbox 646 2626 702 2665; x_wconf 74' lang='lat'>60,</span> <span class='ocrx_word' id='word_1_294' title='bbox 734 2626 786 2660; x_wconf 84' lang='lat' dir='ltr'>lo.</span> <span class='ocrx_word' id='word_1_295' title='bbox 838 2623 959 2657; x_wconf 82' lang='lat' dir='ltr'>Etiam</span> <span class='ocrx_word' id='word_1_296' title='bbox 988 2622 1032 2656; x_wconf 81' lang='lat' dir='ltr'>ab</span> <span class='ocrx_word' id='word_1_297' title='bbox 1066 2621 1122 2655; x_wconf 80' lang='lat' dir='ltr'>his</span> <span class='ocrx_word' id='word_1_298' title='bbox 1148 2619 1239 2654; x_wconf 88' lang='lat' dir='ltr'>locis</span> <span class='ocrx_word' id='word_1_299' title='bbox 1266 2618 1483 2654; x_wconf 86' lang='lat' dir='ltr'>Pindaricus</span> <span class='ocrx_word' id='word_1_300' title='bbox 1510 2618 1573 2652; x_wconf 88' lang='lat' dir='ltr'>ille</span> 
     </span>
     <span class='ocr_line' id='line_1_37' title="bbox 149 2681 432 2717; baseline -0.004 -1"><span class='ocrx_word' id='word_1_301' title='bbox 149 2681 339 2717; x_wconf 86' lang='lat' dir='ltr'>dissimilis</span> <span class='ocrx_word' id='word_1_302' title='bbox 365 2684 432 2716; x_wconf 81' lang='lat' dir='ltr'>est.</span> 
     </span>
    </p>
   </div>
   <div class='ocr_carea' id='block_1_4' title="bbox 1467 2722 1484 2756">
    <p class='ocr_par' dir='ltr' id='par_1_5' title="bbox 1467 2722 1484 2756">
     <span class='ocr_line' id='line_1_38' title="bbox 1467 2722 1484 2756; baseline 0 0"><span class='ocrx_word' id='word_1_303' title='bbox 1467 2722 1484 2756; x_wconf 86' lang='lat'>3</span> 
     </span>
    </p>
   </div>
  </div>
 </body>
</html>
