1854 3017
910 240 956 274 84

223 336 517 378 Audaciorem
551 349 598 378 se
630 335 833 389 praebuit
856 337 1167 388 Hermogenes,
1201 336 1407 377 nimirum
1431 336 1516 389 qui,
1541 347 1641 377 cum

223 405 355 446 etiam
376 405 593 457 posterius
613 418 745 458 quam
768 405 829 446 illi
862 406 1125 458 scripsisset,
1161 405 1374 446 maiorem
1408 405 1491 447 sibi
1525 419 1645 448 com-

221 475 446 516 mentandi
465 487 563 516 esse
581 474 803 515 licentiam
822 475 1108 526 existimaret,
1129 474 1241 515 haec
1260 473 1529 516 confidenter
1545 487 1645 528 pro-

223 544 364 587 feSSUS
397 542 438 598 (l
478 543 532 584 10
558 542 724 598 Walz.)
760 540 1034 590 ὀνομάζονται
1068 543 1110 580 δὲ
1145 541 1225 581 ἀπὸ
1260 542 1338 581 τῶν
1371 538 1578 592 εὑρόντων
1606 544 1645 582 οἱ

219 610 295 659 μὲν
326 611 506 661 Κύπριοι
539 614 622 649 κτλ.
658 612 782 652 Hunc
816 614 992 652 secutus
1027 615 1093 652 est
1113 611 1389 663 Aphthonius
1421 623 1520 652 cum
1538 611 1645 652 scri-

221 680 342 721 beret
376 679 416 734 (l
451 679 506 720 59
541 678 628 734 W.)
663 683 851 718 καλεῖται
889 677 975 732 (SC.
1012 676 1031 717 ὁ
1064 678 1216 734 μῦθος)
1251 678 1530 730 Συβαριτικός
1572 678 1646 718 καί

220 747 344 793 Κίλιξ
375 745 448 785 καί
468 747 669 795 Κύπριος,
702 747 801 797 πρὸς
820 746 915 793 τούς
934 744 1133 797 εὑρόντας
1155 746 1352 796 pena-‘jeth
1382 744 1432 784 τὰ
1451 743 1645 794 ὀνόματα.

222 814 409 857 Saniora
443 816 499 857 ad
531 815 720 856 Theonis
757 815 956 857 uidelicet
997 815 1239 857 doctrinam
1280 826 1484 856 reuersus
1517 813 1647 855 scho-

219 883 350 926 liasta
383 885 501 925 dedit
532 884 645 925 illius
690 897 935 938 anonymus
975 885 1087 926 haec
1126 882 1184 938 (Π
1217 883 1243 925 8
1277 882 1363 938 W.)
1406 880 1478 920 καί
1525 883 1645 921 τοῦτο

221 950 268 991 δέ
294 953 449 1001 γνῶναι
500 951 632 991 καλᾶν
669 951 725 999 ὡς
762 952 855 998 τοῦς
886 951 1049 1000 μύθους
1083 953 1336 1006 (uniuersos
1371 950 1647 1004 amplectitur

218 1033 480 1074 unoquoque
512 1020 712 1076 nomine)
747 1018 784 1059 οὶ
829 1019 904 1069 μὲν
938 1020 1203 1066 Αἰσωηειόυς
1247 1019 1484 1071 ὠνόμασαν,
1525 1016 1564 1057 οἱ
1603 1018 1645 1056 δὲ

219 1087 534 1139 Συβαριτικούς,
577 1086 614 1127 οὶ
654 1088 695 1127 δὲ
730 1089 949 1140 Φρυγίους,
997 1086 1034 1126 οὶ
1066 1088 1109 1126 δὲ
1145 1088 1331 1135 Λυδίους
1365 1087 1471 1140 (hoc
1503 1087 1644 1139 ipsum

218 1170 382 1198 nouum
414 1157 633 1198 inducitur
665 1157 848 1208 nomen)
893 1154 971 1195 α’πό
1015 1155 1154 1196 τόπων
1191 1157 1314 1195 τινών
1353 1154 1374 1207 ἢ
1406 1152 1646 1206 προσώπων

219 1224 291 1270 τὰς
322 1223 601 1274 προςηγοριάς
632 1221 825 1275 εὑρόντες.

308 1303 475 1356 Duplex
509 1316 610 1356 ergo
645 1317 781 1346 causa
815 1304 994 1347 affertur
1027 1305 1082 1347 ab
1115 1306 1196 1357 his,
1243 1317 1320 1345 cur
1362 1308 1487 1346 tanta
1520 1304 1645 1345 inua-

220 1372 347 1413 luerit
379 1373 607 1414 nominum
641 1373 893 1415 multitudo:
937 1374 1077 1415 altera
1116 1374 1232 1427 quod
1266 1386 1318 1414 ea
1354 1385 1473 1425 gens,
1521 1373 1643 1414 cuius

218 1441 395 1482 nomine
430 1438 566 1481 fertur
599 1439 762 1492 fabula,
798 1453 897 1482 eam
930 1441 1148 1482 inuenerit
1180 1441 1371 1482 -hanc
1395 1440 1643 1492 excogitare

219 1508 487 1559 facillimum,
522 1509 709 1562 probare
743 1514 817 1551 aut
851 1510 1029 1552 credere
1058 1509 1359 1551 difficillimum
1392 1533 1461 1562 —,
1505 1508 1643 1550 altera

218 1578 333 1631 quod
375 1577 430 1618 ab
470 1577 576 1630 eius,
617 1578 689 1630 qui
729 1577 922 1620 fabulam
954 1591 1160 1620 narrasse
1200 1583 1275 1620 aut
1318 1579 1362 1619 in
1394 1590 1447 1620 ea
1480 1577 1643 1631 aliquid

217 1646 406 1698 gessisse
440 1646 624 1700 fingitur,
657 1647 835 1688 natione
869 1659 1030 1688 nomen
1069 1648 1250 1688 traxerit
1292 1647 1452 1689 fabula.
1501 1646 1642 1700 Atque

217 1715 333 1756 hanc
375 1714 551 1767 quidem
595 1727 779 1756 causam
825 1716 1102 1757 uerissimam
1143 1728 1240 1757 esse
1279 1717 1499 1769 persuasit
1538 1716 1645 1757 mihi

216 1783 286 1824 uel
318 1795 407 1824 una
440 1783 648 1824 Herodoti
682 1783 826 1837 Lipsio
860 1785 954 1826 uiro
989 1785 1243 1826 doctissimo
1276 1785 1526 1837 nuperrime
1548 1798 1645 1838 per-

217 1855 369 1904 specta
403 1855 445 1892 et
477 1856 645 1904 quaest.
680 1851 839 1905 logogr.
874 1866 913 1906 p.
949 1853 976 1892 4
1009 1853 1229 1905 descripta
1262 1853 1534 1895 consuetudo
1558 1867 1643 1908 qua

217 1922 288 1963 ille
320 1934 409 1963 non
440 1922 661 1974 propriam
702 1923 779 1964 sed
821 1935 1100 1965 communem
1141 1928 1187 1965 ut
1227 1927 1331 1976 puto
1375 1922 1641 1965 Graecorum

217 1990 406 2032 indolem
440 1995 615 2032 secutus
643 1989 887 2043 Ἀσσυρίους
927 1992 996 2034 uel
1031 1990 1242 2040 Λιβυκούς
1285 1993 1356 2034 uel
1386 1991 1642 2043 Αἰγυπτιους

220 2057 363 2109 λόγους
392 2072 480 2100 non
514 2060 623 2101 alios
656 2059 905 2112 intellegere
940 2062 1169 2103 consueuit
1201 2061 1284 2102 nisi
1318 2073 1429 2114 quae
1463 2061 1555 2113 ipse
1589 2060 1642 2101 de

217 2126 407 2180 Assyriis
441 2127 613 2181 Libycis
646 2127 866 2182 Aegyptiis
900 2130 969 2171 uel
1001 2130 1179 2171 tradidit
1197 2129 1265 2171 uel
1286 2130 1523 2171 traditurus
1548 2127 1639 2170 fuit.

216 2195 451 2237 Praeterea
485 2209 583 2237 cum
618 2197 684 2237 his
720 2196 924 2239 conferas
959 2199 1260 2252 Xenophontis
1294 2211 1422 2240 mem.
1457 2198 1491 2239 II
1525 2197 1640 2250 7,13

217 2263 389 2305 dicendi
423 2266 638 2307 rationem
674 2265 742 2303 τὸν
773 2267 846 2305 τοῦ
882 2268 1000 2314 κυνὸς
1031 2268 1162 2318 λόγον.
1196 2268 1288 2309 Iam
1323 2280 1422 2308 Cum
1445 2267 1490 2308 in
1511 2278 1641 2309 exco-

216 2332 402 2383 gitandis
436 2333 504 2374 uel
538 2335 768 2375 narrandis
804 2333 960 2376 fabulis
993 2336 1315 2389 historiolisque
1350 2337 1478 2378 modo
1512 2335 1640 2377 huius

217 2400 346 2442 inodo
380 2401 491 2443 illius
525 2402 732 2444 inducere
767 2403 946 2455 singulis
985 2403 1205 2456 placuisse
1251 2408 1458 2446 externae
1499 2404 1641 2445 natio-

216 2467 282 2509 nis
316 2469 629 2511 homunculum
662 2471 732 2513 uel
766 2472 897 2513 etiam
930 2473 1165 2525 regionem,
1221 2473 1456 2515 dummodo
1499 2476 1641 2514 exter-

1225 2627 1237 2638 ‚x

215 2624 305 2666 αὐτῷ
331 2623 481 2657 ἕκαστον
510 2624 608 2658 ἴδιον
633 2630 748 2670 γένος·
777 2621 857 2660 οἷον
883 2630 1061 2665 Αἴσωπος
1087 2627 1190 2662 εἶπεν
1218 2643 1235 2669 η
1263 2631 1378 2671 Λίβυς
1405 2629 1492 2672 ἀνήρ
1518 2627 1539 2670 ἢ
1565 2631 1635 2662 Συ-

214 2687 356 2728 βαρίτης
383 2685 401 2725 ἤ
423 2689 569 2730 Κυπρία
595 2690 680 2730 yma)
703 2689 760 2719 καὶ
788 2690 850 2720 τόν
878 2687 988 2721 (αἰτόν
1005 2688 1141 2732 τρόπον
1167 2690 1226 2722 ἐπὶ
1255 2693 1323 2722 τών
1350 2688 1466 2722 ἄλλων
1491 2697 1637 2731 persua-

216 2750 298 2773 sum
324 2740 447 2775 nescio
471 2753 517 2775 an
540 2741 591 2776 sit
617 2742 796 2777 omnibus.
