1937 3032
956 139 994 172 14

263 248 440 290 remque
474 236 679 287 speciem.
730 246 841 286 quae
875 246 1025 275 earum
1061 235 1175 287 apud
1208 239 1362 287 poetas
1396 234 1687 276 occurrebant

263 305 505 345 mentiones
540 316 590 344 ac
626 302 823 343 frustula.
859 313 910 343 ea
946 301 1116 343 facilius
1141 302 1195 344 ab
1220 302 1550 356 excerptoribus
1573 302 1687 355 glos-

261 373 566 425 satm‘ibusque
600 374 864 412 conseruata
899 382 996 411 esse
1035 384 1165 424 quam
1213 371 1300 413 alia
1346 372 1483 413 multa
1526 376 1568 413 et
1610 383 1687 424 per

262 454 309 481 se
344 444 690 481 consentaneum
725 442 790 479 est
824 442 863 479 et
898 438 941 478 in
974 438 1240 481 Archilocho
1276 444 1317 481 et
1359 440 1582 482 Simonide
1616 453 1688 481 su-

262 523 357 550 mus
391 509 570 561 experti.
636 507 786 560 Neque
827 519 954 560 quem
988 512 1159 548 tantum
1191 510 1329 550 tenuit
1362 510 1552 551 studium
1586 508 1688 550 sub-

259 577 355 618 tiles
406 581 589 617 naturae
638 575 852 627 imagines
903 575 1098 616 carmine
1138 577 1420 629 exprimendi,
1471 589 1569 618 eum
1602 577 1687 618 1100

260 646 389 699 plane
431 645 846 697 praetermissurum
897 642 1032 685 fuisse
1074 646 1503 687 narratiuncularum
1537 657 1686 698 genus,

261 715 296 755 si
331 713 490 755 alicubi
539 713 654 765 apud
712 713 1088 754 Lacedaemonios
1142 714 1389 766 reperisset,
1438 718 1582 766 potest
1615 726 1688 755 co-

260 784 399 835 gitari.

349 850 625 902 Argumentis
660 849 726 890 his
761 849 984 902 acquiesci
1017 861 1148 901 posse
1182 861 1362 901 censeo,
1398 850 1554 903 quibus
1588 863 1687 903 pro-

260 919 384 959 betur
426 918 878 959 Lacedaemoniorum
920 918 1128 970 populum
1172 931 1224 959 ac
1260 918 1448 960 fortasse
1481 919 1686 961 Doricam

261 992 465 1028 cunctam
514 991 700 1039 gentem,
751 1000 850 1028 cum
899 987 1102 1039 gnomica
1151 987 1273 1039 poesi
1322 987 1524 1041 salseque
1562 988 1687 1029 dictis

259 1056 386 1097 ualde
420 1055 753 1105 delectarentur,
786 1068 811 1096 a
847 1054 1004 1097 fabulis
1039 1060 1185 1097 tamen
1220 1055 1447 1097 Alcmanis
1480 1056 1688 1109 tempori-

260 1125 339 1165 bus
374 1124 672 1165 abhorruisse,

349 1194 491 1234 Etiam
523 1192 706 1234 Aeolum
742 1204 860 1244 gensfl
896 1204 1008 1245 quae
1030 1193 1219 1234 Lesbum
1240 1193 1428 1235 insulam
1453 1191 1685 1243 incolebat,

260 1275 358 1303 cum
392 1262 506 1304 Pari.
543 1261 664 1303 Sami
698 1273 935 1314 earumque
968 1262 1011 1302 in
1046 1262 1230 1304 coloniis
1264 1263 1352 1304 iam
1387 1266 1487 1304 ante
1531 1273 1686 1303 saecu-

260 1330 346 1370 lum
373 1329 616 1370 fabularum
642 1342 800 1381 magna
830 1328 982 1370 fuisset
1006 1331 1260 1377 auctoritas,
1296 1343 1371 1372 eas
1396 1331 1431 1371 si
1455 1343 1543 1371 non
1566 1330 1685 1381 igno-

259 1411 382 1439 rasse
416 1402 460 1439 at
494 1402 609 1440 certe
642 1398 813 1439 videtur
846 1399 1081 1451 respuisse.
1118 1399 1289 1440 Etenim
1324 1411 1424 1440 cum
1457 1398 1610 1439 Alcaei
1643 1402 1685 1439 et

259 1467 506 1520 Sapphonis
541 1479 653 1520 quae
687 1471 920 1519 supersunt
955 1465 1202 1519 fragmenta
1235 1480 1322 1509 non
1355 1467 1566 1520 pauciora
1599 1466 1686 1507 sint

260 1548 391 1588 quam
423 1535 688 1585 Archilochi7
725 1535 962 1577 Simonidis
997 1536 1208 1590 aliusque,
1243 1536 1575 1589 amplitudinem
1609 1547 1686 1576 au-

259 1610 345 1654 10111
380 1605 415 1645 si
448 1604 629 1656 respicis
664 1604 1021 1656 fragmentorum,
1072 1605 1250 1647 meliore
1294 1605 1381 1646 sint
1423 1604 1685 1646 condicione

259 1686 390 1726 quam
424 1672 619 1714 illorum:
666 1673 778 1713 inter
808 1672 959 1714 Alcaei
992 1673 1198 1726 reliquias
1231 1674 1340 1714 duas
1372 1677 1541 1714 tantum
1576 1672 1686 1714 ima-

259 1742 380 1794 gines
418 1754 471 1783 ex
513 1741 769 1782 animalium
813 1741 903 1783 uita
945 1742 1105 1794 petitas
1150 1746 1191 1783 et
1233 1755 1258 1783 a
1309 1742 1448 1795 poetis
1482 1741 1684 1783 omnibus

260 1811 495 1852 admodum
544 1811 669 1852 tritas
714 1809 762 1851 fr.
809 1810 862 1851 27
908 1815 949 1852 et
992 1811 1046 1852 97
1080 1811 1278 1852 inuenies
1320 1815 1362 1852 et
1396 1810 1444 1851 fr.
1479 1810 1548 1861 99‚
1586 1809 1683 1860 110,

262 1879 344 1920 113
378 1879 610 1932 prouerbia
640 1880 833 1921 indidem
862 1884 1050 1933 sumpta,
1086 1893 1269 1933 quorum
1292 1880 1347 1920 ad
1371 1878 1542 1920 fabulas
1565 1878 1686 1932 quic-

259 1961 390 2001 quam
423 1948 564 1989 redire
598 1960 707 1989 caue
740 1952 905 1989 temere
939 1949 1108 1990 credas.
1174 1948 1225 1989 Et
1266 1960 1320 1989 ne
1359 1949 1404 1988 in
1436 1946 1684 2000 Sapphonis

258 2017 431 2070 quidem
465 2016 663 2057 uersibus
697 2021 764 2058 sat
798 2016 944 2058 multis
977 2017 1140 2058 relictis
1176 2016 1351 2058 fabulae
1383 2020 1448 2057 est
1476 2019 1551 2057 aut
1582 2014 1684 2056 uola

260 2089 333 2126 aut
375 2085 618 2136 uestigium.
683 2085 823 2138 Atque
866 2085 990 2136 adeo⁷
1035 2085 1149 2138 quod
1183 2085 1236 2126 de
1270 2084 1535 2126 animalibus
1568 2088 1682 2136 agat,

259 2165 346 2193 non
388 2152 570 2193 uerbum
603 2153 848 2204 inuenitur;
897 2153 1147 2206 plantarum
1196 2156 1350 2194 contra
1398 2152 1684 2205 comparandi

260 2233 395 2261 causa
444 2221 736 2274 descriptione
789 2233 1053 2274 magnopere
1083 2214 1367 2263 ¹oblectatam
1413 2220 1533 2262 illam
1586 2231 1684 2261 esse

260 2289 602 2330 amoenissimae
646 2288 694 2330 fr.
728 2290 798 2341 93,
843 2290 912 2341 94,
959 2289 1044 2331 104
1078 2289 1305 2332 declarant
1338 2289 1564 2341 imagines.
1629 2287 1683 2329 At

260 2357 388 2407 enim⁷
437 2358 609 2398 etiamsi
651 2358 807 2399 horum
850 2359 893 2399 in
938 2359 1161 2412 utriusque
1206 2358 1474 2400 carminibus
1509 2356 1684 2399 fabulae

259 2425 414 2466 nullius
458 2425 635 2467 obuium
679 2426 723 2467 fit
767 2426 1010 2479 uestigium,
1062 2426 1318 2468 Lesbiorum
1359 2431 1509 2468 tamen
1542 2426 1682 2478 ipsam

259 2498 430 2545 gentem
454 2506 529 2534 eas
551 2495 727 2536 nouisse
751 2495 982 2548 quominus
1010 2499 1212 2548 putemus
1234 2496 1336 2549 quid
1369 2494 1546 2537 obstat?
1580 2493 1684 2535 Lar—

259 2562 371 2613 girer
403 2562 446 2602 ni
485 2562 570 2603 alia
593 2564 823 2605 accederet
847 2564 1066 2616 cogitatio.
1093 2562 1400 2606 Consideranti
1425 2563 1539 2605 enim
1573 2563 1683 2603 ima-

260 2629 429 2681 ginibus
466 2630 519 2671 ab
555 2631 819 2673 animalibus
854 2633 1000 2684 petitis
1033 2632 1244 2674 Alcaeum
1279 2646 1406 2673 usum
1429 2643 1527 2673 esse
1551 2631 1683 2672 raris-
