1863 3043
818 164 855 183 ·)l

130 245 404 287 orientalium
441 246 562 297 periti
598 246 770 287 labores
794 258 908 287 sues.
946 246 1102 299 quibus
1126 247 1168 286 in
1193 246 1382 286 nominis
1405 242 1551 283 Αἰσω-

130 328 207 360 πος
242 314 443 355 certatim
477 314 695 366 inquirere
731 315 995 355 contendunl
1033 314 1398 366 compositionem
1419 312 1552 364 signi-

133 382 380 423 ficationem
415 382 625 433 originem
647 381 688 435 ¹).
742 383 785 423 in
829 382 985 435 quibus
1018 387 1167 423 tamen
1199 387 1245 423 ut
1278 383 1322 422 in
1354 381 1553 423 incertis-

129 451 243 491 sima
276 450 469 491 omnium
503 462 549 491 re
582 450 708 491 nobis
741 451 848 491 nihil
882 451 1141 491 morandum
1176 451 1359 491 uidetur.

219 518 359 570 Atque
377 517 574 569 Aesopus
599 519 788 570 quidam,
825 530 953 571 quem
977 518 1214 571 aliquando
1240 518 1428 570 Delphos
1456 530 1554 569 pro-

132 586 293 628 fectum
326 586 630 627 sacerdotibus
665 588 813 629 nescio
837 600 922 639 quo
943 592 1074 639 pacto
1090 586 1120 641 ²)
1154 587 1386 628 molestum
1410 586 1552 627 uisum

130 666 228 696 esse
261 654 466 696 credibile
500 660 578 705 est,
630 656 732 708 quin
767 655 940 696 subdito
990 655 1103 696 clam
1139 655 1230 696 eius
1264 655 1449 696 sarcinis
1483 667 1554 695 sa-

130 735 206 764 cro
239 722 385 776 aliquo
417 735 525 764 uase
558 723 614 764 ab
648 724 753 776 ipsis
788 725 884 764 licta
923 736 1060 764 causa
1095 724 1291 765 deiectus
1329 724 1385 764 sit
1417 723 1469 764 de
1503 735 1553 763 ea

130 803 236 844 rupe
271 791 323 832 de
355 804 441 844 qua
475 792 712 843 sacrilegos
747 790 813 832 fas
848 796 942 833 erat
975 792 1143 833 detrudi
1157 789 1189 845 ³)
1223 792 1323 845 quid
1355 804 1463 844 opus
1487 795 1555 832 est

129 859 436 902 dubitatione?
469 860 522 900 At
556 860 814 901 Welckerus
850 860 872 900 l.
912 860 933 900 Ι.
971 873 1008 911 p.
1044 859 1129 900 232
1164 860 1278 900 hanc
1303 860 1355 901 de
1377 860 1551 911 Aesopo

130 929 429 970 narrationem
465 929 545 969 lide
579 940 676 969 esse
696 928 872 979 dignam
897 932 1037 979 negat.
1074 932 1302 980 propterea
1328 927 1442 980 quod
1466 926 1551 967 iam

131 1001 337 1049 quattuor
369 996 479 1038 alios
513 997 705 1038 eiusdem
742 996 1017 1037 insimulatos
1051 996 1260 1045 criminis7
1296 996 1366 1048 qui
1400 1007 1553 1036 omnes

129 1068 276 1105 aetate
310 1064 430 1105 illum
464 1069 735 1116 superarent,
771 1064 999 1117 simileque
1023 1070 1153 1117 atque
1176 1064 1295 1105 illum
1319 1075 1552 1116 perpessos

133 1144 232 1174 esse
267 1133 386 1174 fama
419 1134 489 1180 sit,
521 1134 574 1173 ad
609 1146 791 1185 quorum
827 1133 1027 1186 exempla
1062 1133 1178 1174 hanc
1212 1133 1268 1174 ait
1305 1133 1357 1173 ‹le
1381 1132 1554 1184 Aesopo

134 1202 433 1243 narrationem
467 1214 565 1243 esse
599 1202 756 1242 lictam.
807 1202 891 1244 Sed
925 1202 991 1242 uir
1024 1201 1093 1242 ille
1127 1202 1420 1252 doctissimus,
1456 1213 1554 1242 cum

133 1270 353 1322 Aesopum
389 1275 534 1311 aetate
569 1269 739 1311 illorum
774 1282 871 1311 esse
905 1271 1192 1311 nouissimum
1229 1275 1412 1322 putaret,
1448 1270 1557 1311 omi-

135 1340 191 1379 sit
222 1352 300 1391 pro
335 1344 453 1380 certo
488 1339 605 1390 prius
640 1344 844 1380 statuere.
881 1352 967 1391 qua
1000 1351 1153 1380 reuera
1190 1339 1386 1391 Aesopus
1423 1338 1556 1379 fuisse

134 1408 451 1449 existimandus
485 1408 551 1448 sit.
603 1407 825 1459 uulgarem
860 1420 1045 1460 eamque
1081 1409 1290 1448 incertam
1327 1407 1554 1459 amplexus

135 1477 362 1528 Aesopeae
396 1476 556 1516 aetatis
591 1476 978 1527 computationem.
1052 1474 1106 1516 At
1140 1475 1331 1516 uoluisse
1366 1475 1423 1516 ait
1459 1487 1557 1516 ora-

133 1544 278 1585 culum
313 1544 354 1584 in
387 1544 470 1585 hac
494 1544 653 1596 Aesopi
688 1556 889 1595 persona,
924 1557 1054 1596 quam
1081 1557 1302 1596 nunquam
1329 1543 1397 1584 ille
1422 1543 1555 1583 fuisse

134 1612 267 1664 ponit,
320 1612 565 1664 exemplum
611 1613 738 1653 edere
788 1613 899 1664 quod
945 1624 1097 1653 omnes
1132 1613 1418 1652 imitarentur.
1471 1624 1555 1664 quo

133 1681 347 1733 exemplo,
398 1681 433 1722 si
468 1681 563 1734 quis
612 1681 767 1721 iniuria
802 1681 1020 1721 hominem
1056 1681 1305 1722 occidisset.
1356 1692 1454 1721 eum
1491 1679 1556 1721 fas

132 1762 231 1791 esse
264 1762 451 1802 poenam
487 1749 596 1790 ultro
630 1750 883 1802 propinquis
918 1750 1022 1790 davo
1073 1749 1264 1790 debitam
1310 1760 1556 1802 numenque

134 1818 311 1870 placare
344 1819 731 1859 ‹lemonstrztiretmz
768 1817 850 1860 Secl
886 1819 1016 1859 talem
1054 1831 1153 1858 <zum
1187 1817 1365 1858 oraculo
1384 1817 1555 1858 laudem

235 1950 258 1992 ¹)
286 1949 340 1983 cf.
368 1949 507 1983 W'elck.
537 1962 567 1994 p.
597 1951 664 1983 *254
692 1961 756 1993 sq..
787 1949 980 1992 wagenm:
1009 1961 1039 1993 p.
1059 1951 1115 1983 41.
1146 1948 1365 1991 Landsberg.
1393 1959 1425 1992 p.
1443 1946 1556 1981 CXVI

133 2018 200 2050 sq..
227 2005 361 2040 Keller.
389 2018 420 2051 p.
449 2007 528 2040 375.

231 2063 258 2103 “-”)
285 2062 386 2104 Quod
422 2062 533 2097 schol.
570 2062 614 2095 ad
645 2062 827 2107 Aristoph.
870 2074 967 2106 uesp.
1007 2064 1095 2096 1446
1132 2061 1285 2095 adnotat
1321 2060 1449 2094 illusos
1477 2071 1557 2094 esse

135 2120 295 2166 Delphos
310 2120 354 2154 ab
370 2132 421 2161 eo,
449 2120 542 2164 quod
568 2126 618 2167 μ’)
646 2123 762 2166 ἔχοιεν
777 2125 852 2167 γῆν,
882 2123 941 2166 (ἐφ’
970 2116 1008 2163 ἧς
1033 2120 1275 2166 {wago-urunt
1294 2120 1558 2164 διατρέφοιντο,

136 2181 224 2214 ἀλλὰ
250 2185 486 2226 περιμένοιεν
514 2183 588 2216 ἀπο·
617 2186 684 2215 τῶν
710 2183 804 2215 θεοῦ
830 2182 1003 2225 θυμάτων
1021 2181 1164 2221 διαζῆν,
1195 2177 1227 2211 id
1256 2189 1327 2211 non
1356 2177 1477 2221 magni
1506 2178 1557 2211 fa-

135 2248 217 2271 cere
251 2237 428 2282 optimum
456 2241 523 2273 est.
576 2239 628 2272 Cf.
656 2241 843 2283 praeterea
874 2238 1015 2271 Herm-i.
1044 2237 1146 2271 Pont.
1174 2238 1216 2270 fr.
1255 2239 1310 2272 22.
1352 2236 1446 2270 Plut.
1474 2236 1495 2269 l.
1524 2235 1557 2277 l.‚

135 2292 234 2328 Suid.
261 2305 289 2328 s.
319 2306 350 2328 u.
378 2299 477 2332 ἔωσε.
851 2332 853 2334 ,

234 2354 261 2396 ³)
288 2354 376 2389 Eius
403 2355 438 2389 in
467 2356 612 2389 nomine
639 2356 732 2400 quod
765 2354 982 2389 Plutarchus
1009 2366 1027 2387 a
1048 2353 1157 2388 Suida
1187 2353 1382 2387 dissentire
1398 2352 1554 2387 uidetur,

136 2421 218 2443 cum
244 2409 302 2444 hic
327 2422 356 2444 s.
385 2423 416 2445 u.
444 2423 472 2445 s.
500 2424 533 2446 u.
562 2414 746 2459 ψαιδριιὲς
785 2414 820 2445 et
851 2415 1024 2450 Αἴσωπος
1052 2409 1234 2454 utrimque
1254 2412 1328 2446 (ἰηό
1356 2413 1430 2445 ταῖν
1458 2414 1555 2444 Φαι-

137 2472 302 2517 δριάδων
326 2477 557 2519 zakovye‘muv
584 2473 728 2520 πετρῶν
754 2471 896 2505 habeat.
937 2470 998 2504 ille
1026 2470 1251 2514 Hyampeam
1282 2472 1450 2503 uocatam
1477 2480 1556 2502 eam

137 2542 218 2565 esse
244 2530 368 2571 tradit,
396 2531 488 2565 hanc
515 2530 799 2576 discrepantiam
828 2542 907 2564 esse
935 2529 1070 2564 nullam
1100 2528 1171 2562 iam
1199 2528 1364 2574 Cuperus
1392 2528 1557 2571 (obsera.

139 2587 187 2622 lv
213 2591 235 2623 4
260 2600 293 2633 p.
320 2590 389 2623 400
427 2591 524 2622 recte
559 2586 730 2623 ostendit.
770 2586 874 2620 cuius
910 2584 1263 2629 argumentationem
1303 2584 1430 2618 uideas
1463 2584 1557 2629 apud

137 2645 354 2678 orauertum
383 2646 617 2678 retractatam
647 2656 678 2688 p.
707 2646 751 2677 32<
779 2654 832 2690 sq.
