1863 3043
816 166 856 200 31

125 264 387 312 ostenderet,
424 264 568 315 inepte
600 263 656 303 ad
691 261 883 303 fabulam
917 262 1109 313 confugit
1142 262 1194 302 de
1216 261 1361 313 aquila
1386 266 1426 301 et
1450 273 1548 302 sca-

127 331 291 374 rabaeo
323 330 414 385 (ed.
448 331 497 372 H.
533 331 594 383 7).
630 330 778 383 Itaque
810 329 880 371 uel
913 330 979 371 his
1013 330 1121 371 locis
1143 328 1361 379 omnibus,
1396 342 1548 381 quam-

126 413 258 453 quam
286 399 392 440 nihil
411 400 463 440 de
491 411 594 440 uera
624 397 869 439 fabularum
888 399 1158 448 condicione,
1180 410 1265 450 qua
1280 398 1366 438 sint
1381 397 1548 437 Aristo-

126 468 283 521 phanis
316 471 460 509 aetate
493 479 613 516 usae,
650 467 851 507 concludi
884 472 1040 520 potest,
1075 466 1177 507 illud
1200 471 1350 507 tamen
1374 465 1546 506 elucere

127 536 232 577 mihi
264 536 435 577 uidetur
469 534 713 576 fabularum
747 546 882 586 genus
915 535 1098 575 Athenis
1139 539 1230 574 tum
1272 538 1364 574 tam
1397 532 1565 584 uulga--

125 609 218 646 tum
252 603 397 646 fuisse.
432 608 477 644 ut
511 603 681 644 comico
716 603 863 644 liceret
898 604 940 644 in
972 603 1210 656 quamlibet
1234 615 1327 643 rem
1361 614 1437 643 eas
1461 602 1546 642 ioci

125 686 263 715 causa
295 672 452 714 afferre
485 677 615 725 atque
649 671 822 713 eludere
857 672 1106 725 aliquando.

215 741 367 783 Restat
399 745 445 782 ut
477 741 530 782 de
563 741 709 793 uespis
743 745 912 792 agatur.
947 741 990 780 in
1023 740 1177 792 quibus
1206 740 1397 780 maxime
1423 739 1543 779 uaria

123 810 316 851 occurrit
363 808 620 850 fabellarum
670 808 912 849 multitudo.
979 808 1118 860 Vulgo
1167 808 1251 849 huc
1302 808 1547 848 referuntur

124 891 194 919 uu.
231 877 328 920 566.
365 877 479 919 1258
518 891 625 930 sqq..
678 876 788 917 1401
824 890 931 929 sqq..
984 876 1095 916 1427
1131 890 1238 929 sqq.7
1290 875 1403 916 1435
1437 889 1543 928 sqq..

127 946 240 988 1446
273 960 365 1000 sqq.
400 946 560 987 Verum
595 945 776 985 nimium
808 945 1071 997 quicumque
1095 945 1147 985 de
1180 944 1336 985 fabulis
1360 945 1546 996 scripse—

123 1019 224 1056 runt
255 1015 322 1056 his
365 1018 464 1055 sunt
511 1013 648 1054 abusi.
713 1012 925 1053 Nimirum
960 1013 1121 1065 Aesopi
1153 1013 1360 1065 pleraque
1393 1017 1545 1053 notata

123 1087 225 1125 sunt
247 1083 424 1124 nomine
456 1082 640 1134 ideoque
673 1082 716 1122 111
741 1081 898 1122 fabulis
921 1081 1083 1122 habita.
1120 1080 1205 1123 Sed
1229 1086 1362 1134 quota
1385 1082 1541 1122 harum

123 1162 323 1204 quaeque
355 1150 782 1191 narratiuncularum
815 1161 971 1190 reuera
1006 1155 1071 1190 est
1107 1148 1263 1191 fabula.
1326 1150 1393 1190 An
1433 1161 1545 1203 quae

123 1224 358 1260 narrantur
391 1218 501 1259 1401
523 1231 630 1271 sqq..
659 1218 769 1258 1427
789 1231 880 1271 sqq.
909 1217 1078 1258 fabulas
1096 1222 1219 1270 putas
1245 1218 1370 1259 055οῬ
1404 1229 1544 1270 neque

122 1286 397 1329 historiolam
431 1299 501 1328 uu.
540 1286 653 1327 1435
687 1300 777 1339 sqq.
814 1299 913 1326 cum
950 1286 1195 1327 fabularum
1233 1299 1391 1338 genere
1425 1299 1545 1328 00111»

122 1356 307 1396 miscere
340 1355 432 1396 iure
463 1355 534 1395 hic
568 1355 799 1408 quisquam
832 1360 987 1407 potest.
1023 1358 1140 1405 Quos
1173 1356 1360 1408 primum
1395 1355 1545 1396 exula-

120 1428 213 1464 tum
246 1423 349 1464 hinc
382 1424 444 1464 ire
478 1423 718 1464 iubeamus.
782 1424 848 1464 Ex
892 1424 1046 1464 iisdem
1080 1425 1187 1465 satis
1220 1429 1323 1476 puto
1357 1423 1543 1464 diludice

120 1504 346 1544 apparere,
382 1492 587 1545 quidquid
622 1492 948 1533 historiolarum
981 1492 1050 1533 uel
1076 1492 1336 1533 facetiarum
1360 1492 1445 1533 alio
1470 1505 1543 1532 ca-

120 1559 244 1600 rebat
276 1560 464 1608 00011110,
515 1559 557 1600 id
591 1560 807 1600 famosam
841 1565 881 1600 et
916 1560 1128 1600 incertam
1162 1559 1349 1600 subiisse
1381 1559 1542 1612 Aesopi

121 1628 441 1676 auctoritatem,
491 1640 603 1681 quae
647 1628 789 1669 subito
823 1629 955 1669 etiam
991 1628 1148 1669 fabulis
1182 1629 1370 1669 inhaesit
1403 1629 1543 1669 omni-

120 1696 213 1738 bus.
248 1696 299 1737 Et
332 1696 633 1738 confluxerant
667 1709 775 1737 sane
808 1697 1004 1738 Athenis.
1040 1702 1270 1750 postquam
1306 1697 1539 1738 Persarum

120 1765 243 1807 bellis
287 1764 475 1817 gloriose
518 1763 731 1806 confectis
787 1764 1079 1806 Athenienses
1130 1766 1320 1807 maiores
1369 1778 1541 1806 sumere

120 1834 296 1886 spiritus
328 1834 532 1887 uitaeque
564 1833 763 1874 luxuriae
796 1846 843 1874 se
883 1834 988 1874 dare
1035 1839 1283 1886 coeperunt,
1330 1834 1539 1886 paulatim

120 1903 297 1953 omnia,·
317 1914 429 1955 quae
461 1902 505 1942 in
537 1901 729 1954 qualibet
764 1900 978 1943 Graeciae
1011 1903 1186 1954 regione
1220 1903 1422 1955 quamuis
1474 1914 1541 1943 re-

121 1974 241 2011 mota
259 1969 555 2011 narrabantur
573 1969 791 2010 mirabilia
807 1974 937 2022 atque
953 1970 1148 2021 ridicula,
1183 1970 1339 2023 quibus
1374 1970 1542 2012 fabula-

119 2050 215 2079 rum
247 2050 383 2090 genus
416 2049 556 2091 paene
589 2037 792 2079 obrutum
828 2050 1121 2091 magnamque
1153 2039 1364 2091 pristinae
1388 2044 1540 2080 aucto—

119 2107 258 2148 ritatis
313 2106 470 2148 fecisse
518 2107 733 2147 iacturam
789 2112 1135 2148 consentaneum
1193 2112 1270 2148 est.
1334 2107 1540 2148 Attamen

119 2174 402 2216 uehementer
435 2179 595 2225 0113111,
646 2175 716 2227 qui
750 2175 838 2215 nixi
874 2188 992 2228 uesp.
1028 2189 1098 2217 uu.
1133 2175 1218 2216 557
1254 2181 1294 2217 et
1330 2176 1442 2216 1259
1477 2175 1540 2217 fa-

118 2241 244 2283 bulas
273 2242 329 2283 ab
361 2242 654 2295 Aristophane
688 2243 834 2283 uocari
871 2234 1013 2292 ys'mmi
1048 2244 1277 2285 disserant.
1322 2244 1388 2285 Ad
1421 2245 1540 2285 ioco-

119 2322 215 2350 rum
247 2311 361 2352 enim
391 2311 603 2352 uilitatem
625 2313 691 2351 *ne
725 2311 840 2363 apud
883 2312 1101 2353 comicum
1145 2313 1318 2365 quidem
1364 2317 1538 2366 poetam

119 2377 289 2420 fabulas
323 2379 526 2432 delapsas
560 2391 669 2429 esse,
704 2379 837 2419 immo
871 2379 1052 2421 uocibus
1086 2379 1245 2430 γέλοιον
1274 2376 1475 2421 Αἰσώπου
1498 2386 1539 2422 01

119 2443 365 2484 Αἰσωπικὸν
392 2446 557 2496 γέλοιον
585 2447 703 2488 50135
738 2446 920 2488 facetias
954 2459 1029 2489 eas
1064 2453 1105 2489 et
1138 2450 1252 2490 sales
1290 2448 1536 2501 significari.

118 2512 274 2565 quibus
307 2514 501 2555 eiusdem
535 2514 695 2567 Aesopi
729 2515 865 2567 potita
911 2520 977 2556 051
1009 2517 1263 2568 auctoritas,
1315 2528 1338 2557 e
1381 2518 1537 2558 ceteris

119 2581 380 2634 intellegitur
411 2582 532 2633 locis.
585 2584 722 2624 iustas
760 2583 916 2636 quibus
955 2583 1125 2626 fabulas
1156 2586 1275 2637 tangi
1309 2579 1537 2627 a'comico

118 2653 248 2700 poeta
280 2654 447 2691 certum
493 2655 570 2693 est.
635 2651 688 2692 Iis
723 2651 837 2692 enim
871 2652 1072 2704 quamuis
1105 2653 1389 2695 uehementer
1420 2653 1538 2694 ioca—
