1937 3032
864 175 901 208 11

177 273 298 321 ζοντα
330 276 506 325 propter
537 271 706 322 generis
740 270 1035 311 diuersitatem
1065 269 1119 310 ad
1143 269 1283 320 ipsam
1307 279 1462 308 uocem
1486 263 1593 304 α’λώ-

175 341 254 389 my}
272 340 386 381 trahi
407 339 565 392 nequit.
602 338 865 390 Fragmenta
883 333 1068 389 denique
1094 335 1190 387 118,
1228 335 1325 386 141,
1361 335 1458 384 177,
1495 332 1592 383 181,

177 407 260 449 188
301 408 345 448 in
388 406 633 449 fabularum
677 407 819 459 potius
858 418 988 459 quam
1022 406 1065 445 in
1099 405 1184 446 alio
1218 415 1403 456 poeseos
1437 412 1595 454 genere

176 475 375 517 ducenda
408 487 504 516 esse
538 475 754 516 existimo.

264 551 378 593 Inter
418 550 661 603 fragmenta
705 551 833 602 igitur
878 551 1003 603 quasi
1045 550 1246 598 ducenta,
1295 559 1406 601 quae
1449 558 1471 587 e
1503 549 1596 586 toto

175 619 428 661 Archilochi
461 620 615 661 relicta
649 619 773 660 nobis
807 623 906 659 sunt
940 618 1182 670 naufragio,
1218 629 1368 659 eorum
1407 627 1485 667 pro
1518 627 1596 654 nu-

176 699 296 730 mero
328 692 369 729 et
402 688 614 729 tenuitate
647 688 926 728 inueniuntur
959 687 1064 727 satis
1089 686 1238 737 multa,
1273 685 1451 738 quaein
1475 682 1597 724 fabu-

175 755 317 798 larum
351 757 550 797 ducenda
583 760 684 798 sunt
716 755 920 808 reliquiis.
957 754 1079 805 Quod
1104 754 1415 807 comprobatur
1437 751 1597 794 Juliani

175 825 425 867 testimonio
449 825 524 866 Vll
547 824 682 866 227A
708 837 733 865 a
754 823 938 875 Bergkio
962 823 1018 864 ad
1039 823 1198 864 Archil.
1237 822 1284 863 fr.
1320 822 1375 863 86
1408 822 1596 874 primum

176 892 354 935 laudato
387 890 476 930 ἀλλ’
498 889 518 931 ὃ
544 891 618 942 μὲν
640 891 776 942 μῦθός
798 892 885 931 ἐστι
904 889 1098 937 παλαιός,
1131 890 1377 941 ἐφήρμοσας
1409 887 1451 927 δὲ
1475 885 1598 926 αὐτόν

178 975 229 999 συ
258 959 498 1011 πράγμασιν
528 956 701 1009 ἑτέροις·
734 956 829 1010 ῧπῐρ
861 952 976 1007 οἶμαι
998 962 1130 995 ποιεῖν
1153 955 1352 995 εἰώθασιν
1376 953 1412 994 οὶ
1438 955 1485 1008 τῇ
1505 970 1598 1004 τρο-

177 1026 276 1080 πικῇ
312 1024 514 1077 χρώμενοι
560 1025 640 1064 τῶν
676 1024 896 1076 ποημάτων
928 1024 1176 1076 κατασκευῇ·
1209 1023 1338 1069 πολιῖς
1362 1023 1404 1061 ὸὲ
1435 1023 1477 1061 ἐν
1507 1020 1599 1060 τοί·-

178 1108 264 1139 τοις
295 1089 314 1132 ὅ
353 1092 510 1143 ῙΙάριός
541 1093 626 1131 ἐστι
658 1090 845 1143 ποιητής.
892 1091 1055 1142 Quodsi
1089 1090 1378 1132 Archilochus
1411 1091 1598 1143 primum

177 1160 277 1202 Pari
310 1161 446 1202 uitam
482 1161 608 1212 degit,
644 1160 798 1201 deinde
832 1159 966 1201 Thasi
997 1171 1074 1212 per
1105 1158 1239 1200 breue
1272 1163 1444 1211 tempus
1479 1170 1600 1198 com-

179 1232 372 1270 moratus
407 1233 484 1280 est,
519 1232 675 1281 postea
708 1227 810 1268 illuc
842 1228 1096 1280 remigrauit
1130 1231 1172 1268 et
1205 1226 1267 1269 Ol.
1303 1226 1358 1267 23
1393 1224 1526 1280 (anno
1560 1238 1598 1267 a.

180 1295 280 1338 Chr.
314 1309 354 1337 n.
374 1295 484 1350 688)
519 1296 663 1338 clarus
683 1293 826 1350 fuit1):
862 1297 918 1337 ad
936 1309 1099 1337 annum
1119 1308 1159 1339 a.
1186 1294 1284 1337 Chr.
1306 1308 1346 1336 n.
1368 1294 1454 1336 700
1476 1293 1601 1335 fabu-

179 1365 245 1407 las
278 1366 393 1418 apud
425 1365 526 1406 Pari
559 1364 727 1406 insulae
761 1365 943 1416 incolas,
978 1365 1050 1418 qui
1073 1365 1255 1406 Jonicae
1289 1368 1414 1405 erant
1447 1364 1613 1415 gentis⁷¹

180 1433 268 1474 iam
321 1434 563 1475 innotuisse
617 1433 886 1486 multumque
939 1433 1132 1475 ualuisse
1184 1431 1468 1474 manifestum
1522 1435 1599 1473 est.

181 1500 346 1552 Quibus
379 1501 451 1555 qui
485 1501 728 1553 largissime
748 1514 851 1542 usus
876 1504 954 1551 est,
988 1500 1279 1542 Archilochus
1303 1513 1391 1541 non
1414 1500 1458 1540 in
1482 1512 1603 1541 com—

183 1581 372 1621 munem,
422 1570 565 1623 quoad
606 1569 795 1622 perspici
827 1573 983 1622 potest,
1034 1570 1229 1610 omnium
1263 1568 1602 1610 oblectationem

182 1638 557 1691 eruditionemque
591 1650 666 1679 eas
691 1637 900 1689 adhibuit,
936 1638 1013 1679 sed
1034 1638 1211 1678 Hesiodi
1234 1642 1411 1679 secutus
1435 1649 1603 1678 morem

183 1706 485 1747 aduersarium
524 1719 651 1747 suum
695 1706 944 1760 Lycamben
983 1718 1135 1747 earum
1168 1705 1330 1748 blanda
1363 1705 1605 1747 acerbitate

184 1778 250 1815 est
282 1778 552 1827 persecutus.
587 1774 639 1815 Et
671 1787 803 1828 quam
822 1787 976 1827 parum
996 1775 1051 1815 ad
1073 1774 1166 1815 ueri
1190 1775 1374 1816 accedat
1406 1773 1605 1815 similitu-

183 1843 327 1884 dinem
370 1844 485 1896 quod
524 1842 719 1885 Kellerus
761 1856 800 1896 p.
835 1841 920 1883 337
955 1843 1007 1884 de
1040 1842 1213 1896 Aesopo
1246 1855 1325 1884 suo
1358 1843 1602 1896 praedicat:

183 1922 312 1953 seruo
345 1912 487 1953 minus
521 1911 693 1953 difficile
727 1924 824 1953 esse
856 1912 1078 1963 negotium
1101 1911 1272 1953 fabulas
1297 1911 1603 1964 cognoscendi,

184 1980 425 2033 colligendi,
474 1980 725 2022 inueniendi
770 1985 901 2033 atque
947 1981 1058 2021 adeo
1098 1980 1242 2021 minus
1275 1984 1412 2033 turpe,
1462 1980 1504 2020 id
1537 1979 1606 2020 uel

184 2048 229 2089 in
245 2048 330 2090 hoc
347 2053 477 2102 poeta
495 2050 847 2091 animaduertere
867 2049 970 2090 licet
992 2049 1265 2091 nobilissimo
1285 2049 1469 2091 oriundo
1492 2049 1603 2090 loco.

276 2125 458 2168 Circiter
497 2125 560 2168 Ol.
607 2125 663 2167 29
707 2124 829 2181 (664)
876 2127 920 2167 in
952 2126 1112 2168 Jonum
1145 2125 1288 2167 insula
1321 2125 1455 2168 Samo
1489 2130 1530 2166 et
1563 2125 1606 2165 in

186 2195 328 2236 insula
360 2194 563 2247 Amorgo,
599 2208 683 2249 quo
716 2195 834 2236 illinc
866 2199 958 2236 tum
992 2195 1166 2237 colonia
1200 2195 1387 2237 deducta
1420 2199 1498 2246 est,
1544 2193 1608 2235 fa-

183 2261 309 2304 bulas
325 2263 603 2316 peruulgatas
623 2262 756 2305 fuisse
769 2262 1005 2305 Simonidis
1018 2263 1241 2316 Amorgini
1260 2262 1603 2316 fragmentorum

185 2331 293 2373 satis
326 2333 648 2374 demonstratur
669 2333 765 2386 ipsa
786 2333 1020 2385 paucitate.
1043 2332 1235 2383 Quorum
1254 2332 1280 2373 8
1304 2336 1346 2374 et
1364 2332 1390 2374 9
1414 2331 1607 2374 fabulam

187 2405 335 2454 aperte
379 2401 578 2453 produnt.
643 2401 836 2442 Eandem
871 2402 1029 2442 cadere
1062 2401 1106 2441 in
1140 2400 1188 2441 fr.
1226 2399 1279 2441 13
1313 2400 1607 2453 suspicionem

187 2470 275 2511 iam
309 2469 517 2522 Bergkius
550 2470 606 2511 ad
639 2469 679 2510 h.
715 2469 739 2512 1.
775 2469 937 2512 statuit.
973 2469 1028 2510 At
1061 2469 1113 2510 de
1149 2467 1197 2509 fr.
1236 2469 1286 2509 11
1323 2473 1365 2510 et
1392 2468 1461 2520 29,
1496 2479 1608 2521 quae

286 2602 310 2647 ¹)
335 2601 415 2636 Hoc
439 2601 536 2636 inter
561 2612 687 2636 omnes
719 2603 887 2636 constare
913 2603 1001 2646 puto
1028 2600 1109 2635 coll.
1137 2598 1194 2634 ot.
1222 2599 1390 2634 Muelleri
1415 2579 1510 2634 ‘hist
1537 2599 1609 2634 litt.

190 2658 317 2694 Graec.
344 2659 359 2693 I
385 2671 418 2705 p.
445 2660 513 2694 237
535 2670 612 2704 sqq.
