1937 3032
642 782 788 854 Pars
842 782 1009 873 prior.

204 960 464 1001 Litterarum
511 960 652 1013 prima
697 959 769 1000 illa
819 962 1102 1000 monumenta
1143 956 1372 997 mirabilia.
1423 968 1534 1009 quae

114 1033 325 1082 tanquam
359 1029 594 1080 imaginem
628 1028 760 1069 totius
797 1026 1020 1079 temporis.
1072 1030 1112 1066 et
1156 1038 1239 1077 quo
1283 1029 1407 1065 erant
1441 1029 1534 1065 orta

113 1101 156 1137 et
185 1096 300 1149 quod
332 1096 427 1148 ipsa
460 1095 725 1145 describunt,
760 1095 949 1147 undique
972 1093 1293 1135 conformatam
1318 1091 1534 1134 Graecum

113 1164 247 1205 edidit
287 1164 521 1216 ingenium,
571 1164 804 1205 Homerica
850 1162 1046 1203 carmina
1081 1161 1252 1203 illorum
1287 1166 1534 1213 temporum

113 1231 312 1273 homines
345 1243 456 1285 quae
488 1232 532 1272 in
565 1230 828 1272 animalibus
862 1229 1069 1271 uidebant
1103 1241 1198 1271 esse
1232 1228 1534 1270 memorabilia

113 1311 166 1341 ea
208 1312 309 1341 cum
352 1299 546 1341 humana
578 1300 754 1341 uiuendi
788 1299 1031 1351 agendique
1067 1298 1381 1339 consuetudine
1416 1310 1535 1339 com-

110 1380 268 1421 parare
301 1367 451 1410 solitos
486 1380 583 1410 esse
617 1369 784 1420 egregie
816 1372 1059 1415 testantur;
1095 1379 1180 1419 qua
1213 1367 1257 1406 in
1289 1378 1334 1406 re
1360 1377 1410 1406 eo
1433 1378 1531 1418 pro-

111 1449 286 1489 gressus
320 1441 386 1478 est
403 1441 545 1489 poeta,
580 1442 626 1478 ut
659 1436 868 1478 animalia
901 1436 996 1488 pari
1030 1440 1160 1488 atque
1192 1434 1392 1475 homines
1426 1434 1535 1474 iudi-

112 1506 180 1547 cio
214 1517 266 1546 ac
300 1509 445 1546 mente
477 1505 676 1558 praedita
709 1516 1022 1557 nonnunquam
1057 1503 1233 1555 fingeret
1250 1500 1292 1556 ¹).
1329 1501 1413 1544 Sed
1446 1502 1535 1543 col-

111 1573 337 1627 loquentes
371 1574 483 1614 inter
515 1585 562 1614 se
595 1573 759 1615 bestias
794 1573 999 1613 inducere
1033 1572 1156 1624 epico
1189 1576 1359 1623 poetae.
1411 1571 1533 1611 cuius

111 1642 314 1682 nimirum
349 1642 539 1682 maxime
573 1642 803 1682 interesset
837 1653 888 1682 ea
912 1644 1082 1681 tantum
1108 1640 1151 1680 in
1175 1638 1444 1680 carminibus
1467 1650 1534 1679 re-

112 1708 224 1751 ferre
242 1721 354 1762 quae
376 1708 492 1750 facta
512 1721 609 1751 esse
629 1709 833 1750 credibile
858 1713 936 1759 est,
971 1721 1059 1749 non
1077 1708 1210 1749 licuit.
1246 1719 1326 1748 nec
1349 1707 1418 1760 qui
1441 1706 1534 1748 lau-

111 1778 270 1820 dantur
318 1790 472 1820 uersus
526 1776 740 1819 Grauerto
783 1776 847 1830 (p.
883 1776 931 1830 ὃ)
979 1776 1022 1817 Il.
1058 1776 1148 1817 VIII
1196 1775 1279 1816 185
1320 1789 1411 1828 sqq.
1455 1774 1530 1817 Od.

111 1846 167 1888 IX
185 1846 270 1887 447
289 1860 381 1901 sqq.
402 1851 448 1888 ut
479 1858 613 1899 prope
647 1847 703 1887 ad
737 1845 983 1887 fabularum
1017 1845 1234 1885 rationem
1269 1844 1533 1884 accedentes

111 1914 245 1956 uerbo
268 1914 339 1956 hic
358 1914 484 1956 nobis
504 1915 620 1966 digni
647 1914 861 1955 uidentur.
899 1912 1232 1965 Obloquendum
1252 1924 1380 1964 porro
1403 1911 1534 1963 Berg-

113 1982 183 2024 kio
204 1987 283 2034 est,
312 1983 384 2036 qui
401 1981 526 2037 (hist.
562 1982 639 2023 litt.
661 1980 816 2024 Graec.
839 1983 848 2022 Ι
873 1981 958 2022 369
984 1993 1072 2034 no.)
1094 1980 1138 2022 Il.
1159 1980 1173 2020 I
1197 1978 1281 2020 225
1300 1978 1533 2031 Agamem-

111 2052 237 2092 nonis
270 2051 406 2093 uerba
425 2048 534 2100 ἔχων
552 2051 730 2100 κραὸι’ν,ι’
745 2048 960 2101 δ’ἐλάφυιο
979 2054 1084 2091 nata
1102 2060 1199 2090 esse
1214 2048 1462 2101 suspicatur
1480 2060 1533 2089 ex

111 2119 277 2172 uulgari
309 2120 527 2162 sententia
560 2131 689 2160 cervo
723 2131 799 2160 cor
831 2119 1009 2160 omnino
1043 2131 1130 2159 non
1164 2129 1261 2158 esse
1280 2116 1329 2168 ²)ss
1380 2129 1531 2158 uerum

110 2189 336 2242 antiquam
369 2189 484 2230 hanc
518 2200 614 2230 esse
649 2186 814 2229 famam
847 2188 1085 2240 praesumit
1120 2185 1189 2227 ille
1223 2185 1350 2226 nullis
1374 2185 1531 2226 additis

109 2258 371 2299 testimoniis
404 2269 486 2298 nec
519 2256 603 2298 hoc
636 2256 732 2298 loco
766 2267 860 2307 nee,
894 2256 966 2297 ubi
999 2255 1174 2296 uberius
1194 2255 1281 2306 agit
1315 2254 1368 2295 de
1395 2265 1448 2294 ea
1471 2265 1530 2303 re,

211 2390 236 2434 ¹)
261 2389 342 2424 Huc
361 2390 499 2424 referas
516 2401 609 2434 quae
627 2389 670 2423 de
685 2389 788 2423 leone
808 2389 978 2424 dicuntur
999 2388 1042 2424 ΙΙ.
1068 2388 1119 2422 XI
1146 2390 1214 2424 555
1241 2389 1385 2431 τετιηότι
1412 2392 1531 2434 θυμῷ,

111 2450 153 2484 Il.
179 2449 247 2484 XX
274 2451 340 2485 169
375 2456 414 2485 ἐν
440 2452 483 2486 δέ
508 2456 543 2486 τί
576 2453 610 2485 οἱ
646 2452 775 2496 κραδίῃ
811 2456 925 2485 mium
964 2451 1120 2494 ἄλκιμον
1147 2447 1225 2493 ἦτορ
1256 2467 1291 2471 -
1324 2448 1356 2483 ἑὲ
1392 2448 1532 2482 δἀὀιὸν

108 2513 300 2556 motorium
327 2516 574 2557 μαχέσασθαι,
612 2510 655 2544 de
688 2508 784 2554 lupis
817 2511 853 2543 et
882 2508 1012 2543 ouibus
1040 2507 1078 2541 11.
1106 2506 1210 2540 XXII
1236 2507 1304 2541 263
1332 2508 1414 2542 0:³15}
1445 2508 1531 2554 ὁμό-

111 2586 231 2618 ᾳρονιι
269 2576 392 2618 θυμὸν
425 2574 584 2616 ἔχουσιν,
622 2572 711 2604 ιίλλιὶ
740 2575 832 2604 κακά
860 2574 1053 2615 φρονέουσι
1086 2569 1290 2613 διαμπερὲς
1316 2569 1532 2610 ἀλλήλοισιν,
1557 2605 1564 2610 ,

111 2630 184 2666 alia
208 2630 376 2676 plurima.

209 2687 236 2731 2)
262 2686 543 2722 scholiastarum
571 2685 616 2720 ad
641 2686 675 2719 h.
701 2684 724 2719 l.
751 2687 838 2730 puto
865 2695 946 2718 eum
973 2685 1194 2718 commotum
1221 2681 1396 2716 doctrina.
