1863 3043
807 186 854 221 35

120 283 407 338 philosophus
450 283 641 335 Diogene
682 287 862 325 auctore
907 283 1064 324 eadem
1105 283 1334 335 usurpauit
1373 282 1542 324 Achaei

121 351 258 394 uerba
289 356 392 402 πρὸς
423 351 516 397 τοὺς
556 349 987 399 ἀντιπολιτευομένους
1019 351 1113 392 ueri
1154 350 1423 391 simillimum
1463 355 1541 393 est.

209 419 446 461 Democriti
478 429 591 472 quae
624 418 740 470 apud
771 417 890 460 Stob.
928 417 1020 460 flor.
1039 419 1077 460 X
1110 418 1165 460 69
1199 423 1374 460 exstant
1405 419 1542 460 uerba

121 487 195 527 τοῦ
241 486 416 532 πλέονος
452 483 657 535 ἐπιθυμίη
696 484 741 524 τὸ
779 485 934 536 παρεόν
984 483 1185 525 ἀπόλλυσι
1220 487 1270 539 τῇ
1313 485 1540 540 Αἰσωπηιζν,

121 552 215 593 κυνί
243 553 359 603 ἰκέλη
380 552 615 604 γιγνομένη,
645 553 682 593 si
706 564 863 594 reuera
884 558 986 595 sunt
1007 553 1297 602 Democritea,
1331 554 1441 595 satis
1464 566 1542 595 an-

117 622 285 675 tiquam
318 632 416 663 esse
451 619 644 662 fabulam
678 620 764 662 :233
791 621 842 662 H.
877 622 1054 673 docent,
1089 634 1202 675 quae
1247 635 1347 664 cum
1388 622 1433 662 in
1463 621 1540 662 tali

117 702 166 732 re
197 703 225 732 a
255 689 517 743 philosopho
551 688 746 730 adhibita
779 690 847 741 sit,
881 702 1045 731 nouum
1077 690 1294 743 prioribus
1328 690 1542 732 accedere

117 758 319 800 uidemus
351 757 667 808 testimonium,
701 770 786 810 quo
820 756 992 799 fabulas
1039 758 1290 800 hominibus
1332 771 1420 800 non
1465 757 1542 799 bo-

116 839 277 868 norum
308 838 481 867 morum
514 825 677 867 blanda
707 826 994 867 incitamenta
1027 827 1105 868 sed
1145 832 1359 881 tanquam
1393 839 1541 868 exem-

117 895 192 948 pla
223 906 323 936 esse
354 894 596 947 proposita,
630 893 787 947 quibus
819 907 846 936 a
881 908 1053 936 morum
1085 897 1376 948 peruersitate
1399 896 1541 937 deter-
1576 902 1587 916 ·

118 967 332 1014 rerentur,
353 963 523 1015 egregie
542 962 811 1004 ostendatur.
835 963 891 1004 At
909 976 1073 1005 nouum
1096 965 1141 1004 in
1163 963 1414 1006 Democrito
1437 963 1542 1005 illud

117 1032 409 1084 cognoscitur,
444 1031 560 1085 quod
592 1043 680 1072 non
713 1031 905 1083 singulos
940 1030 1089 1073 fabula
1120 1033 1219 1083 ista,
1268 1036 1314 1073 ut
1352 1032 1538 1082 uidetur,

115 1100 404 1154 persequitur,
451 1112 538 1153 qua
579 1112 719 1152 praua
752 1112 903 1141 eorum
937 1101 1093 1152 agendi
1127 1101 1240 1143 ratio
1274 1101 1432 1142 ceteris
1466 1100 1540 1141 de-

114 1169 299 1210 ridenda
345 1168 657 1219 committatur,
706 1168 785 1210 sed
832 1180 985 1210 omnes
1018 1169 1219 1210 homines
1265 1168 1440 1210 fabulae
1485 1168 1538 1209 de

116 1248 229 1278 cane
261 1236 408 1278 cibum
441 1235 607 1278 ferente
639 1237 803 1278 iniecta
836 1237 1058 1278 mentione
1090 1242 1251 1287 monet,
1300 1241 1347 1278 ut
1391 1236 1537 1278 auari-

113 1305 216 1357 tiae,
250 1317 364 1359 quae
382 1304 610 1346 beluarum
644 1305 711 1357 sit,
751 1306 905 1346 uitium
939 1318 1070 1358 quam
1104 1306 1297 1346 maxime
1341 1305 1539 1347 reformi-

114 1373 231 1416 dent.
295 1373 387 1415 Etsi
415 1385 560 1426 porro,
605 1374 677 1426 qui
712 1373 767 1415 ab
800 1373 1034 1415 Aristotele
1065 1373 1189 1428 phys.
1225 1373 1409 1416 auscult.
1444 1373 1479 1414 II
1512 1374 1538 1413 4

112 1455 153 1496 p.
189 1441 322 1483 196Α
354 1440 558 1482 laudatur
605 1441 624 1479 ὀ
656 1441 837 1487 παλαιὸς
867 1439 984 1493 λόγος
1028 1439 1047 1480 ὁ
1083 1438 1266 1491 ἀναιρῶν
1295 1441 1368 1493 τήν
1397 1438 1536 1491 τύχην,

113 1523 200 1564 quo
230 1510 404 1552 testudo
438 1521 492 1551 ex
509 1509 682 1563 aquilae
699 1521 777 1562 per
806 1521 911 1551 aera
933 1509 1123 1552 uolantis
1146 1508 1359 1562 anguibus
1387 1509 1538 1562 elapsa

113 1582 157 1620 et
187 1578 378 1620 hominis
410 1578 456 1618 in
488 1582 620 1630 caput
654 1575 764 1618 forte
805 1577 1012 1618 incidisse
1055 1582 1272 1628 narratur,
1323 1589 1422 1618 eum
1455 1577 1537 1619 De-

115 1646 302 1688 mocrito
343 1658 442 1688 esse
486 1646 774 1687 uetustiorem
808 1645 854 1686 E.
887 1645 1040 1688 Rhode
1057 1644 1086 1700 1)
1120 1647 1268 1687 causis
1300 1645 1537 1699 probabili-

113 1713 196 1756 bus
231 1714 432 1765 coniecit,
477 1718 628 1756 tamen
669 1714 904 1755 tacendum
950 1715 1021 1755 hic
1055 1715 1234 1756 omnino
1267 1726 1365 1756 esse
1398 1715 1452 1756 de
1485 1727 1536 1756 eo

111 1782 272 1836 quippe
305 1782 378 1836 qui
411 1781 580 1824 alienus
613 1782 669 1823 sit
702 1794 728 1823 a
763 1780 910 1823 fabula
942 1782 1028 1823 419
1063 1783 1345 1836 omniumque
1368 1782 1537 1825 fabula-

111 1862 210 1891 rum
241 1862 400 1903 genere
433 1862 486 1892 ac
518 1851 702 1892 ratione.

201 1930 266 1972 Ac
297 1929 495 1984 profecto
528 1931 665 1984 ipsius
698 1930 896 1973 Socratis
930 1930 1179 1985 frequenter
1211 1932 1256 1972 in
1293 1943 1368 1973 ore
1402 1930 1536 1973 fuisse

113 1995 300 2050 fabulas,
334 2011 600 2052 quamquam
635 2011 690 2040 ne
722 1999 794 2040 ille
826 2000 1002 2052 quidem
1034 2000 1147 2041 inter
1178 2000 1260 2041 has
1294 2004 1335 2042 et
1365 2005 1534 2042 ceteras

114 2067 469 2109 narratiunculas
511 2067 668 2121 quibus
710 2068 966 2111 abundabat
1005 2070 1097 2110 eius
1141 2074 1266 2111 aetas
1300 2070 1536 2112 discrimen

111 2134 286 2177 sinebat
333 2147 445 2187 esse,
500 2136 631 2178 certis
679 2136 888 2190 probatur
928 2138 1203 2179 testimoniis.
1269 2137 1377 2181 Sunt
1421 2139 1536 2180 enim

111 2204 541 2256 praetermittendae,
576 2217 688 2258 quae
708 2205 837 2257 uulgo
861 2218 960 2247 cum
985 2205 1232 2248 fabularum
1251 2219 1410 2259 genere
1432 2220 1536 2249 con-

113 2269 364 2317 funduntur,
406 2273 766 2321 narratiunculae
808 2274 901 2315 eius
934 2274 1268 2328 mythologicae,
1312 2275 1536 2328 aetiologi-

111 2350 206 2390 cae,
256 2339 421 2381 similes
466 2353 580 2394 quae
615 2340 899 2394 apologorum
932 2342 1138 2394 indignae
1170 2347 1290 2385 certo
1323 2348 1425 2385 sunt
1456 2357 1534 2386 no-

113 2407 231 2449 mine
262 2407 366 2449 hae:
416 2408 524 2450 Plat.
568 2409 753 2450 Phaedr.
795 2409 940 2461 2593,
990 2423 1127 2464 symp.
1164 2410 1309 2463 2033,
1361 2411 1532 2464 Protag.

109 2473 257 2527 320D,
291 2476 489 2530 Xenoph.
525 2489 653 2518 mem.
688 2477 722 2518 ΙΙ
757 2477 795 2528 1,
829 2478 882 2518 21
919 2483 1049 2532 atque
1073 2479 1207 2520 etiam
1230 2479 1315 2520 huc
1341 2478 1532 2521 referam

112 2542 276 2585 Phaed.
311 2543 420 2586 600.
485 2544 571 2587 Sed
619 2545 755 2586 uerba
801 2546 910 2589 Plat.
947 2546 1108 2600 Cratyl.
1157 2548 1292 2590 411A
1335 2545 1450 2596 ὅμως
1493 2548 1535 2587 δὲ

213 2673 238 2718 ¹)
265 2673 496 2710 Fleckeiseni
523 2687 607 2710 ann.
636 2675 751 2711 CXXI
778 2689 812 2722 p.
839 2678 884 2712 22
910 2688 964 2722 sq.
