1854 3017
991 76 1037 109 42

302 172 395 223 bus,
431 172 585 225 quibus
620 171 793 213 fabulas
826 172 999 213 narrari
1031 171 1184 214 solitas
1227 184 1325 214 esse
1366 173 1545 215 credere
1580 173 1726 216 Plato-

301 242 367 282 nis
400 245 603 282 uetamur
624 240 800 281 uerbis?
833 239 984 293 Neque
1008 241 1189 292 cogitari
1211 245 1356 294 potest
1377 240 1567 284 futurum
1591 241 1726 285 fuisse

300 312 347 348 ut
380 308 566 360 fabulae,
617 308 772 362 quibus
805 309 1111 351 tantummodo
1160 310 1231 362 qui
1266 311 1308 350 in
1342 322 1388 351 re
1419 310 1597 363 publica
1627 323 1726 353 uer-

301 377 513 418 sabantur
565 378 758 418 maxime
810 377 1067 429 utebantur,
1122 390 1148 419 a
1201 378 1497 421 Demosthene
1550 384 1726 422 oratore

301 446 479 499 eiusque
513 445 771 499 aequalibus
799 457 1064 498 magnopere
1088 446 1431 500 neglegerentur,
1464 448 1549 489 nisi
1573 460 1725 490 earum

301 516 533 558 defecisset
566 517 698 557 etiam
733 517 978 558 communis
1011 530 1130 558 usus.
1194 518 1285 560 Nec
1328 531 1434 561 uero
1467 519 1725 572 ampliorem

301 584 434 626 fuisse
467 585 510 625 in
534 584 851 626 consuetudine
874 583 1145 626 Graecorum
1171 585 1419 628 fabularum
1441 601 1571 629 usum
1595 592 1726 642 atque

300 653 343 693 in
375 652 527 693 litteris
561 653 730 705 egregie
762 653 915 694 testari
949 653 1055 694 mihi
1088 654 1292 696 uidentur
1333 654 1605 698 Graecorum
1647 669 1725 710 pa-

298 721 504 772 roemiae,
531 721 774 774 sapientiae
790 721 881 762 eius
902 721 1077 774 quidem
1095 722 1343 774 thesaurus,
1364 736 1475 776 quae
1494 723 1614 766 libris
1637 737 1726 766 non

299 788 751 841 comprehendebatur
774 793 816 830 et
845 801 922 841 per
955 802 1111 830 manus
1146 790 1285 832 instar
1323 791 1635 844 suppellectilis
1669 792 1726 834 ad

298 858 434 898 uitam
453 858 684 910 expeditae
703 857 972 899 tradebatur.
996 858 1088 899 Hae
1107 871 1217 911 quas
1235 871 1317 900 nec
1341 858 1531 902 feminae
1550 861 1725 913 ignora-

297 925 403 967 bant
435 938 517 967 nec
550 926 738 978 imperiti
758 930 799 967 et
831 926 1087 978 parentibus
1110 930 1324 980 tanquam
1350 925 1725 979 πατροπαράδοτον

300 991 456 1045 σοφίαν
498 993 718 1035 debebant
759 993 897 1045 liberi,
946 1007 1046 1035 cum
1078 1007 1261 1037 numero
1294 1007 1435 1048 paene
1469 998 1651 1036 careant
1683 998 1726 1036 et

297 1061 512 1112 permulta
547 1063 802 1103 contineant
835 1075 947 1116 quae
981 1075 1033 1104 ex
1057 1063 1315 1105 animalium
1338 1067 1498 1105 natura
1522 1067 1599 1105 aut
1622 1075 1725 1104 con-

297 1129 524 1170 suetudine
573 1130 660 1171 sint
691 1130 841 1182 petita,
894 1131 969 1171 uix
1002 1131 1238 1184 quicquam
1272 1131 1480 1173 exhibent
1513 1131 1629 1184 quod
1661 1129 1725 1172 fa-

296 1196 423 1239 bulae
455 1197 652 1250 profecto
687 1203 980 1242 commoneat.
1030 1199 1182 1253 Neque
1216 1200 1332 1242 enim
1365 1200 1410 1240 in
1441 1199 1724 1243 Zenobianae

296 1265 679 1320 Diogenianaeque
711 1268 1044 1320 prouerbiorum
1079 1268 1311 1321 farragine,
1366 1280 1479 1322 quae
1517 1268 1625 1310 satis
1657 1268 1723 1309 in-

295 1338 416 1386 tegra
449 1336 505 1377 ad
537 1336 654 1377 hanc
688 1340 878 1378 aetatem
912 1342 1155 1391 propagata
1189 1342 1266 1390 est,
1301 1337 1724 1391 quicquaminueni-

294 1406 364 1443 tur
405 1404 520 1457 quod
568 1403 743 1446 fabulae
785 1406 997 1458 originem
1045 1406 1203 1448 debere
1247 1410 1420 1448 constet
1458 1409 1534 1447 aut
1565 1408 1723 1458 putare

294 1483 477 1513 necesse
521 1473 589 1513 sit.
653 1472 803 1526 Uulpis
837 1486 945 1515 sane
977 1475 1021 1515 in
1055 1474 1299 1527 prouerbiis
1332 1478 1504 1527 gratum
1539 1472 1723 1516 Graecis

294 1543 613 1593 acceptumque
659 1540 793 1583 fuisse
835 1556 963 1584 usum
1002 1543 1265 1596 intellegitur
1308 1555 1361 1585 ex
1402 1542 1563 1585 Zenob.
1598 1542 1615 1584 I
1648 1543 1718 1594 67,

295 1606 351 1647 7O
400 1605 519 1661 (coll.
552 1608 772 1662 Aristoph.
822 1623 943 1664 uesp.
992 1610 1146 1667 1241),
1197 1612 1265 1664 71,
1319 1611 1388 1663 93,
1436 1611 1562 1653 1190
1592 1611 1630 1653 V
1662 1610 1719 1652 68

294 1675 470 1728 Diogen.
505 1677 541 1719 V
576 1677 630 1719 15
663 1679 827 1721 Macar.
861 1680 955 1722 VIII
990 1681 1057 1732 17,
1093 1693 1206 1734 quae
1240 1693 1340 1722 cum
1364 1680 1552 1722 eandem
1575 1678 1720 1732 uulpis

293 1744 479 1796 prodant
511 1750 716 1788 naturam
750 1761 862 1801 quae
896 1749 940 1789 in
974 1748 1131 1791 fabulis
1166 1749 1440 1801 describitur,
1484 1749 1540 1790 ad
1573 1752 1718 1790 certas

293 1816 443 1853 tamen
476 1816 691 1867 quasdam
728 1815 898 1858 fabulas
932 1816 1085 1859 referri
1119 1830 1199 1859 nec
1232 1822 1396 1871 queunt
1441 1829 1523 1858 nec
1566 1815 1722 1858 referri

294 1893 401 1933 opus
435 1887 512 1923 est.
567 1883 634 1925 Ad
668 1883 840 1927 fabulas
874 1887 954 1927 etsi
988 1887 1158 1939 ignotas
1192 1887 1333 1928 redire
1366 1886 1589 1939 suspIcere
1620 1889 1722 1927 tan-

292 1953 383 1990 tum
417 1950 576 1992 Zenob.
612 1952 664 1993 III
698 1952 766 2005 20,
817 1952 886 2005 45,
934 1954 1002 2006 74,
1038 1954 1093 1996 IV
1126 1954 1182 1995 60
1215 1954 1392 2007 Diogen.
1426 1954 1476 2006 V,
1520 1953 1590 1995 96.
1654 1953 1720 1995 Ex

292 2017 453 2071 Aesopi
488 2018 645 2062 fabulis
680 2022 812 2063 ducta
844 2022 1077 2075 prouerbia
1110 2035 1223 2077 quae
1257 2023 1432 2076 quidem
1453 2022 1720 2064 Leutschius

293 2097 390 2126 esse
430 2087 473 2128 in
516 2089 660 2131 indice
709 2091 765 2132 ad
810 2091 875 2132 ed.
926 2103 1120 2144 paroem.
1172 2091 1401 2133 adnotauit
1435 2089 1566 2133 GCM
1595 2090 1611 2132 I
1643 2089 1718 2142 86,

292 2153 345 2195 M.
378 2155 429 2196 III
462 2156 532 2208 48,
583 2158 660 2211 Ap.
701 2159 756 2200 VI
790 2159 871 2200 84a
909 2160 981 2202 VII
1024 2160 1080 2201 96
1126 2160 1204 2202 XII
1245 2160 1323 2201 970
1362 2159 1494 2202 XVIII
1537 2159 1608 2212 60,
1658 2159 1715 2201 61

292 2222 371 2264 ΜΡ
417 2224 474 2265 ΙΙΙ
516 2226 571 2266 42
616 2239 668 2268 ea
717 2228 890 2281 quidem
934 2229 1168 2281 prouerbia
1212 2242 1238 2270 a
1276 2228 1510 2282 postremis
1543 2228 1717 2270 laudari

292 2294 799 2350 paroemiographorum,
834 2298 877 2339 in
896 2297 1076 2341 Zenobii
1100 2298 1443 2352 Diogenianique
1465 2297 1602 2351 copiis
1626 2309 1714 2340 non

292 2365 466 2404 exstare
500 2365 657 2407 mirum
692 2371 769 2409 est.

380 2432 584 2487 Fabulas,
627 2437 835 2488 quamdiu
868 2450 950 2479 usu
982 2437 1198 2479 florebant
1229 2441 1271 2478 et
1303 2449 1430 2478 suam
1462 2447 1602 2489 paene
1635 2435 1714 2476 ha-

291 2500 383 2542 buit
415 2514 613 2555 quaeque
647 2506 929 2547 occasionem
963 2507 1240 2559 nomihisque
1262 2505 1586 2556 auctoritatem,
1620 2504 1714 2558 qui-

291 2567 475 2610 buscum
509 2570 657 2612 iuncta
681 2584 758 2625 per
796 2585 875 2614 ora
914 2574 1175 2616 circumibat
1207 2587 1260 2616 ac
1299 2573 1525 2615 hominum
1559 2572 1714 2615 menti-
