1863 3043
875 139 918 172 79

182 247 283 278 cere
325 236 541 278 interdum
585 249 660 288 pro
711 234 880 288 Libycis
916 258 973 263 —
1006 236 1228 276 entweder
1268 235 1428 286 gerade
1464 235 1506 274 in
1540 235 1609 275 die

184 305 269 346 zeit
302 305 407 346 oder
440 304 544 345 kurz
562 317 640 345 vor
673 303 743 344 die
775 303 859 343 zeit
891 315 944 342 zu
977 307 1138 353 setzen7
1174 315 1242 344 wo
1276 303 1340 344 sie
1374 301 1606 355 anfangen⁷

184 374 228 414 in
261 374 337 414 der
369 372 673 425 griechischen
706 371 923 412 litteratur
956 372 1052 412 eine
1089 371 1195 412 rolle
1227 384 1280 412 zu
1303 371 1481 424 spielen‚
1516 371 1610 413 also

187 442 228 482 in
276 442 344 483 die
385 442 470 484 zeit
513 442 588 482 des
633 440 881 494 Aeschylus
924 441 1012 481 und
1057 441 1161 481 kurz
1203 453 1281 482 vor
1315 440 1384 481 die
1415 440 1500 481 zeit
1533 440 1609 481 des

185 510 518 563 Aristophanes,
555 510 626 550 mit
653 509 821 550 andern
836 514 1002 550 werten
1038 510 1080 549 in
1116 509 1184 549 <lie
1207 513 1322 549 erste
1344 507 1509 549 haelfte
1533 509 1609 550 des

184 577 224 619 5.
255 578 570 630 jahrhunderts
616 602 670 605 —-
705 591 897 631 quonam
948 579 1125 618 tandem
1175 582 1371 629 tempore
1420 576 1611 630 Libycae

185 646 460 699 potissimum
495 645 670 687 fabulae
704 647 817 698 apud
854 645 1049 687 Graecos
1072 646 1265 698 potiores
1290 646 1514 697 coeperint
1537 651 1611 687 aut.

186 715 431 756 mediocres
466 726 596 766 agere
630 719 778 766 partes
815 715 975 756 frustra
1000 727 1078 766 ego
1098 715 1272 767 quidem
1297 715 1506 767 quaesiui.
1544 714 1611 755 An

183 783 386 836 Aeschyli
420 783 718 835 temporibus?
766 783 968 824 nimirum
1004 784 1105 836 quia
1138 783 1173 823 is
1208 783 1326 824 solus
1360 784 1404 824 in
1437 788 1499 824 tot
1531 784 1611 824 mi-

184 851 296 892 libus
329 863 535 893 uersuum
570 853 706 893 semel
742 851 935 893 fabulam
971 853 1128 893 ceteris
1165 851 1321 893 fabulis
1361 857 1453 892 tum
1496 852 1609 892 notis

186 920 364 961 minime
398 920 616 973 disparem
653 920 860 973 Libycam
893 921 1069 961 uocauit
1103 944 1171 960 —.
1209 920 1293 960 Fi'n·
1326 920 1394 960 ‹lie
1427 920 1510 960 zeit
1534 920 1608 961 des

184 987 500 1041 Aristophanes
547 988 763 1040 sprechen
803 989 870 1029 die
907 988 1052 1030 l'abeln
1084 1001 1185 1030 vom
1235 987 1490 1030 mistkaefer
1522 988 1610 1029 und

186 1069 272 1097 von
318 1057 395 1098 der
441 1056 778 1107 haubenlerche.
826 1057 894 1098 die
937 1057 1031 1098 sich
1064 1062 1209 1098 zuerst
1241 1057 1310 1098 bei
1344 1057 1433 1097 ihm
1468 1058 1609 1098 linden

186 1126 273 1166 und
318 1125 376 1165 im
419 1125 706 1179 libystischen
750 1125 982 1167 fabelbuch
1016 1125 1062 1179 it)
1097 1127 1338 1178 gestanden
1380 1139 1433 1167 zu
1466 1126 1610 1167 haben

185 1194 408 1235 scheinen.
474 1194 555 1244 Qui
590 1194 720 1235 modo
755 1193 1029 1247 aliquantum
1051 1206 1148 1236 esse
1172 1195 1438 1235 discriminis
1464 1194 1611 1235 aiebat

185 1261 298 1303 inter
329 1261 554 1314 Aesopeas
588 1266 630 1303 et
664 1261 848 1315 Libycas
883 1262 1069 1303 fabulas.
1105 1263 1220 1304 idem
1248 1263 1521 1304 historiolam
1557 1263 1609 1304 de

184 1330 350 1371 cassita
382 1329 517 1380 illam.
567 1342 680 1383 quae
712 1330 874 1382 Aesopi
921 1331 1054 1371 fuisse
1097 1343 1303 1383 expresse
1337 1332 1506 1377 dicitur,
1557 1344 1609 1372 ex

184 1397 346 1452 Libyco
380 1399 464 1439 isto
497 1398 606 1446 lilim
640 1399 830 1440 fluxisse.
867 1404 912 1440 ut
947 1399 1140 1440 fabulam
1177 1401 1356 1441 omnino
1391 1413 1478 1441 non
1513 1413 1609 1442 esse

185 1466 257 1507 hic
290 1471 478 1518 taceam.
513 1480 705 1520 quonam
743 1468 832 1508 iure
867 1467 1134 1509 arbitratui-⁶?
1188 1469 1429 1510 Scarabaei
1463 1474 1608 1510 autem

186 1534 385 1575 notitiam
427 1536 543 1587 quod
588 1535 667 1576 sub
710 1537 805 1588 ipsa
839 1536 1145 1589 Aristophanis
1188 1542 1385 1589 tempora
1429 1537 1609 1591 Graecis

188 1603 429 1644 innotuisse
450 1605 771 1646 accuratiorem
798 1605 968 1646 uidetur
990 1605 1173 1657 opinari.
1210 1619 1475 1659 magnopere
1500 1606 1611 1648 falli-

184 1675 267 1712 tur.
320 1670 490 1712 Etenim
525 1673 612 1714 iam
647 1673 718 1713 diu
753 1673 934 1715 Graecis
968 1675 1118 1715 nescio
1153 1688 1238 1727 quo
1271 1680 1402 1727 pacto
1437 1677 1610 1728 cognita

188 1738 322 1780 fuisse
354 1739 583 1782 scarabaei
617 1754 704 1782 non
728 1746 897 1782 tantum
917 1754 1077 1783 nomen
1112 1748 1153 1783 et
1186 1747 1388 1784 naturam
1423 1744 1500 1785 sed
1533 1743 1611 1785 ali-

185 1820 370 1861 quarum
420 1820 518 1849 eum
557 1810 746 1861 partium
792 1809 927 1851 fuisse
962 1810 1031 1851 uel
1066 1815 1294 1862 poetarum
1330 1812 1373 1852 in
1407 1824 1610 1854 sermone

185 1873 315 1916 facile
348 1877 486 1928 potuit
519 1877 768 1929 intellegere
802 1891 901 1919 cum
937 1891 990 1919 ex
1024 1878 1230 1933 Aeschyli
1266 1879 1312 1920 fr.
1349 1880 1434 1920 232
1468 1880 1534 1923 Df.
1570 1886 1611 1923 et

184 1942 417 1996 Sophoclis
465 1945 512 1984 fr.
552 1945 634 1986 173
679 1950 769 1986 tum
821 1947 1013 1988 maxime
1060 1959 1113 1988 ex
1156 1947 1394 1990 Simonidis
1428 1949 1523 1990 Am.
1561 1949 1610 1992 fr.

190 2011 288 2053 13ss
331 2013 445 2064 quod
488 2014 544 2054 ad
589 2014 879 2056 scarabaeum
926 2017 1144 2068 pertinere
1189 2018 1348 2059 diserte
1383 2019 1613 2060 ‹·oniir1nat

186 2079 322 2121 SChOl.
360 2080 482 2121 Hom.
518 2081 563 2122 Il.
602 2083 750 2134 XVIII.
786 2083 871 2124 407
896 2084 978 2125 ho?
1003 2082 1093 2122 έπέἶ
1124 2084 1197 2123 καί
1223 2085 1461 2136 Σιμωνίδής
1487 2088 1609 2137 φησί·

188 2151 232 2185 τὸ
263 2149 364 2195 ζῷον
395 2147 585 2187 κάκιστον
619 2150 813 2201 κέκτηται
843 2152 947 2199 βίον,
983 2149 1077 2200 περί
1107 2150 1176 2189 τοῦ
1210 2151 1434 2203 κανθάρου.
1507 2155 1611 2196 Pro-

188 2214 386 2256 uerbium
420 2214 636 2266 κανθάρου
655 2216 752 2254 σκιά
780 2219 984 2271 (Diogen.
1022 2220 1056 2260 X
1076 2219 1156 2261 88l
1192 2222 1366 2272 quando
1390 2223 1445 2262 sit
1468 2228 1609 2264 ortum

189 2282 393 2324 nescitur.

278 2350 400 2392 quta
435 2347 682 2392 Αἰσωπικὸν
715 2353 877 2403 γέλοιον
911 2356 1061 2397 laudat
1096 2357 1258 2408 primus
1294 2358 1609 2411 Aristophanes

189 2430 307 2471 uesp.
346 2419 456 2461 1258
484 2421 764 2470 Συβαριτικόν
794 2423 979 2473 γέλοιονς
1016 2426 1138 2465 cuius
1173 2426 1417 2478 exemplum
1453 2429 1611 2481 duplex

187 2487 384 2539 sequitur
416 2488 509 2529 sine
543 2489 672 2530 ‹lubio
708 2489 762 2531 ib.
800 2504 866 2531 uu.
908 2492 1018 2532 1427
1054 2506 1145 2545 sqq.
1181 2498 1222 2534 et
1257 2494 1369 2534 1435
1403 2509 1494 2549 sqq.
1562 2498 1612 2538 Et

189 2555 231 2594 in
265 2554 512 2607 Epicharmi
539 2558 778 2598 comoediis
804 2559 890 2600 iam
920 2561 1052 2601 fuisse
1080 2558 1284 2609 Συβάρεια
1317 2562 1610 2614 ε’πιφθέγματα

187 2621 288 2663 (nisi
323 2624 464 2675 potius
500 2624 725 2675 legendum
763 2623 1102 2682 ἀποφθέγματα)
1136 2628 1294 2671 Suidas
1329 2645 1360 2671 s.
1403 2645 1442 2671 u.
1473 2632 1610 2680 Συβα-
