1854 3017
892 228 935 260 6⁰

295 325 411 366 Unde
433 329 577 365 autem
604 323 764 363 uenerit
797 322 864 362 ille
888 323 959 374 qui
979 322 1284 375 antiquissimo
1303 320 1492 374 quodam
1514 324 1623 361 tem-

204 404 306 444 pore
340 392 516 444 Delphis
549 391 707 431 iniuria
741 391 1028 442 interemptus
1062 393 1156 430 erat
1188 389 1294 429 nihil
1336 392 1467 441 patet.
1531 388 1622 429 Nec

203 461 371 501 mirum.
408 461 492 500 Sed
526 465 673 501 tamen
707 471 760 500 ex
792 459 900 499 Asia
936 459 1103 499 minore
1137 470 1235 499 eum
1269 458 1443 498 uenisse
1482 461 1524 498 et
1556 455 1622 498 fa-

202 529 397 569 bularum
435 529 627 579 ipsarum
660 527 854 579 uestigiis
889 527 1147 568 adducimur
1180 531 1223 567 ut
1264 526 1535 568 coniciamus
1581 530 1623 567 et

200 602 426 638 auctorum
463 601 657 637 ueterum
692 596 941 637 testimonio
975 607 1139 636 eorum.
1175 595 1245 648 qui
1278 608 1303 635 a
1322 594 1486 636 Croeso
1521 606 1620 636 eum

202 667 375 707 uenisse
417 671 455 706 et
503 664 762 718 PhrygicaU
811 665 989 706 natione
1024 669 1166 705 ortum
1200 664 1432 705 affirmant.
1500 663 1618 704 Haec

202 736 425 776 hactenus.

290 853 492 906 Sequitur
526 854 711 894 alterum
746 853 1097 893 testimoniorum
1132 865 1267 904 genus
1311 852 1365 893 ab
1400 852 1620 894 Herodoto

201 924 293 974 ipso
328 921 670 974 exploratmnm.
736 922 797 961 Ac
843 934 1019 962 seruum
1064 920 1197 962 fuisse
1238 920 1357 962 Sami
1399 920 1621 973 Aesopum

201 991 362 1042 primus
396 990 641 1031 Herodotus
675 995 828 1031 auctor
862 995 939 1031 est.
976 990 1069 1031 Hoc
1104 990 1284 1030 nimium
1317 989 1468 1031 confisi
1500 989 1621 1031 testi-

199 1060 346 1100 monio
392 1059 472 1099 uiri
519 1059 632 1100 docti
678 1071 777 1099 eum
810 1058 1033 1111 Aesopum
1073 1059 1145 1111 qui
1179 1063 1338 1099 cuncta
1373 1057 1620 1099 fabularum

198 1128 323 1180 copia
358 1132 399 1168 et
435 1127 551 1168 sama
585 1132 649 1168 est
682 1128 855 1180 potitus
893 1127 1063 1168 etiamsi
1102 1131 1328 1179 praeterea
1371 1127 1474 1167 nihil
1515 1127 1619 1168 certi

198 1197 249 1237 de
282 1196 455 1249 Aesopo
490 1197 620 1237 statui
657 1209 786 1248 posse
820 1197 1053 1237 uideretur.
1089 1207 1264 1236 seruum
1299 1200 1448 1236 tamen
1483 1195 1618 1236 fuisse

197 1264 317 1306 Sami
364 1269 493 1317 atque
538 1265 577 1305 id
620 1269 738 1306 certo
783 1264 945 1306 saeculi
982 1265 1091 1305 sexti
1127 1265 1269 1316 spatio
1305 1263 1473 1304 fortiter
1505 1263 1620 1304 affir-

198 1338 330 1373 mant.
367 1333 636 1374 Versabatur
670 1333 711 1373 in
746 1333 899 1373 eadem
935 1333 1138 1385 opinione
1172 1332 1345 1373 credula
1383 1332 1619 1385 antiquitas

200 1402 304 1453 ipsa.
340 1400 425 1442 Sed
458 1400 545 1442 lieri
580 1414 772 1454 unquam
807 1414 909 1441 num
944 1401 1081 1453 potuit
1116 1406 1161 1441 ut
1194 1401 1424 1453 quisquam
1464 1412 1617 1442 seruus

197 1470 374 1510 saeculo
408 1474 532 1511 sexto
573 1469 692 1511 Sami
729 1469 973 1510 fabularum
1008 1470 1258 1510 narratione
1291 1473 1520 1521 tantopere
1544 1480 1618 1510 ex-

197 1538 384 1578 celleret.
439 1543 481 1579 ut
527 1539 700 1580 demum
747 1538 924 1579 saeculo
971 1539 1121 1591 quinto
1154 1538 1353 1590 Aesopus
1397 1537 1466 1578 ille
1500 1537 1619 1578 lieret

198 1606 399 1647 omnibus
446 1607 664 1659 extemplo
712 1612 920 1658 pernotus
971 1612 1011 1656 et
1061 1606 1340 1647 celebratus?
1403 1606 1495 1647 Hoc
1528 1606 1614 1648 iam

198 1689 325 1727 supi-:i
370 1674 654 1716 refellendum
700 1675 825 1716 nobis
860 1681 954 1716 erat
987 1675 1133 1716 causis
1167 1682 1205 1726 μ’.
1242 1674 1310 1714 48.
1356 1674 1510 1727 quibus
1546 1674 1616 1715 hie

198 1743 324 1783 liceat
358 1744 503 1795 plures
538 1743 785 1795 adiungere.

194 1880 308 1902 annos
333 1872 546 1903 cunctorum
573 1869 779 1903 morborum
807 1869 1018 1903 calamitate
1045 1869 1174 1904 afflicti
1210 1873 1345 1911 essent,
1373 1871 1535 1915 profecto
1573 1881 1616 1904 ne

195 1936 288 1958 unus
314 1924 459 1969 quidem
487 1928 585 1959 esset
611 1925 762 1960 relictus
797 1925 833 1959 in
863 1926 1076 1971 'tantamque
1104 1927 1193 1960 haec
1220 1926 1440 1972 Delphorum
1468 1926 1615 1961 miseria

194 1981 356 2015 uenisset
382 1981 547 2025 gloriam,
575 1986 616 2016 ut
641 1981 678 2016 in
705 1982 866 2016 omnium
893 1995 953 2016 ore
980 1985 1079 2017 esset
1106 1985 1270 2017 uersata:
1299 1985 1471 2017 ettamen
1490 1985 1616 2018 tacent

194 2048 350 2071 omnes*
406 2038 472 2071 His
507 2038 668 2072 breuiter
695 2038 802 2073 dictis
830 2039 867 2072 in
895 2051 973 2073 eam
999 2051 1174 2085 praeceps
1200 2039 1276 2074 abit
1302 2039 1536 2084 sententiani,
1576 2043 1617 2074 ut

193 2094 287 2138 quod
315 2097 423 2139 caput
450 2107 490 2127 ac
518 2106 701 2128 summum
729 2094 890 2128 omnium
917 2107 1010 2139 quae
1038 2095 1081 2129 de
1095 2095 1300 2130 fabulatore
1320 2098 1516 2130 narrantur
1534 2107 1615 2130 esse

195 2149 298 2183 modo
328 2150 430 2186 dixit.
462 2150 538 2195 ipsa
567 2162 646 2184 esse
673 2151 757 2184 ficta
784 2163 854 2184 non
882 2154 1000 2195 neget.
1042 2151 1222 2186 Nimirum
1247 2154 1373 2186 tacent
1399 2163 1535 2186 omnes.
1562 2151 1616 2186 De

193 2218 262 2250 qua
290 2206 385 2240 enim
413 2219 450 2240 re
478 2206 666 2241 dicerent?
696 2207 885 2241 Undenam
912 2207 974 2241 ille
1001 2208 1071 2242 scit
1097 2207 1225 2242 statim
1251 2211 1335 2253 post
1361 2208 1494 2253 Aesopi
1522 2220 1613 2242 mor-

192 2267 264 2296 tem
291 2263 523 2297 sterilitatem
550 2264 767 2308 morbosque
796 2264 947 2310 Delphis
975 2268 1052 2299 orta
1080 2266 1188 2299 esse'?
1239 2265 1366 2299 Nonne
1392 2264 1470 2299 ueri
1497 2265 1613 2299 multo

193 2322 249 2352 est
274 2319 432 2353 similius
461 2319 665 2365 Apollinem
694 2320 755 2354 diu
783 2323 973 2366 expertum
1002 2333 1094 2361 esse,
1134 2321 1164 2356 si
1192 2321 1260 2367 ipsi
1289 2322 1333 2356 ad
1360 2333 1487 2356 sanam
1515 2333 1613 2356 men-

192 2380 263 2408 tem
292 2376 448 2410 redirent
478 2376 608 2422 Delphi
638 2389 863 2422 poenamque
890 2378 986 2412 ultro
1014 2379 1168 2413 darent'.>
1220 2379 1268 2412 Et
1294 2378 1379 2423 quid
1419 2390 1510 2423 opus
1536 2381 1614 2414 erat

193 2432 297 2465 deum
326 2433 524 2473 consulere,
553 2433 582 2467 si
611 2434 884 2469 calamitatibus
911 2435 1094 2481 extemplo
1121 2439 1203 2481 post
1218 2435 1353 2481 Aesopi
1371 2448 1497 2470 necem
1513 2436 1613 2470 obor-

193 2487 240 2521 tis
267 2488 335 2533 ipsi
363 2489 576 2534 intellegere
602 2494 780 2535 poterant.
809 2504 878 2536 qua
907 2491 1137 2537 potissimum
1164 2505 1202 2526 rc
1229 2491 1429 2526 nouissimo
1451 2494 1614 2537 tempore

193 2544 270 2578 eius
296 2544 585 2580 inflammassent
612 2547 731 2581 iram?

292 2601 314 2643 ¹)
343 2600 479 2635 Nomen
510 2608 688 2639 Αἴσωπον
714 2604 934 2649 Phrygicam
963 2617 1048 2650 prae
1075 2617 1114 2639 se
1140 2606 1236 2640 ferre
1263 2605 1426 2651 speciem
1444 2605 1613 2639 Kellerus

194 2672 224 2703 p,
252 2660 320 2693 315
347 2660 471 2694 studet
498 2662 687 2696 ostendere
715 2664 758 2697 ob
786 2676 936 2708 eamque
963 2676 1111 2699 causam
1138 2665 1257 2710 ipsum
1279 2666 1459 2711 Phrygem
1478 2665 1608 2700 haben-

193 2715 275 2748 dum
304 2715 476 2750 decreuit.
506 2717 556 2750 Do
585 2718 650 2752 hac
678 2731 715 2752 re
741 2720 860 2754 fusius
885 2720 978 2755 infra
1008 2724 1147 2765 agetur.
