1863 3043
868 174 911 208 73

267 269 413 311 Babrii
455 270 728 321 prooemium
775 270 959 311 alterum
1007 270 1122 323 quod
1164 269 1410 322 speciosam
1459 269 1600 321 primo

177 338 330 379 obtutu
359 338 552 380 redolere
582 338 752 379 uidetur
775 339 1022 379 doctrinam
1046 343 1085 379 et
1119 343 1165 378 ut
1197 342 1316 379 recte
1349 337 1599 378 restituere-

177 412 246 448 tur
278 410 320 448 et
352 406 645 459 explicaretur
678 407 766 448 iam
800 407 1035 448 multorum
1067 407 1263 448 uirorum
1298 410 1339 446 et
1372 406 1599 447 doctorum

176 475 431 516 sollicitauit
473 478 653 522 mentes,
701 475 737 516 si
785 480 981 516 nostrum
1018 476 1059 516 in
1093 475 1177 516 hac
1212 474 1470 527 quaestione
1503 485 1601 525 spe-

176 549 320 585 ctatur
353 543 597 594 consilium,
634 543 756 584 nihili
791 556 889 585 esse
923 543 1173 585 faciendum
1208 543 1438 584 contendo.
1485 542 1598 583 Nam

176 613 291 666 quod
323 612 393 654 ille
426 613 531 653 dicit
567 611 706 660 μῦθος
733 611 884 662 Σύρων
917 608 1098 650 παλαιόν
1131 610 1243 649 ἐστιν
1273 606 1408 660 εὕρημ’
1432 605 1602 659 ἀνθρώ-

177 695 280 728 πων,
311 679 356 719 οἵ
379 679 477 731 πρίν
505 676 593 717 ποτ’
626 672 733 730 ἦσαν
762 678 832 718 ἐπὶ
860 680 993 720 Νίνου
1023 694 1063 718 τε
1095 677 1167 718 καί
1198 675 1341 729 Βήλου
1372 680 1415 720 id
1448 691 1598 720 uerum

176 750 233 790 sit
265 760 405 790 necne
438 748 545 788 nihil
579 748 649 789 hic
683 748 810 789 refert
848 749 1079 801 anquirere
1099 749 1356 800 quaestione
1376 748 1509 789 solius
1549 748 1600 787 de

178 815 375 859 Graecae
409 816 583 858 fabulae
616 818 779 869 origine
802 817 1027 870 proposita
1050 817 1469 870 relinquendumque
1503 828 1600 857 esse

176 885 503 927 diiudicandum
539 886 573 926 si
609 886 838 939 quisquam
873 887 1031 938 poterit
1063 886 1168 926 uiris
1190 884 1468 927 orientalium
1491 885 1601 937 pris-

177 966 254 995 cas
302 953 473 1006 linguas·
525 953 784 995 callentibus
835 954 1052 996 existimo.
1120 953 1180 995 De
1224 954 1318 1006 ipso
1351 953 1526 1006 Aesopo
1560 957 1601 994 et

177 1021 348 1064 Graeca
383 1022 531 1063 fabula
563 1034 675 1075 quae
708 1022 777 1063 ille
809 1036 879 1063 uu.
915 1022 942 1062 4
976 1028 1018 1064 et,
1051 1021 1076 1062 ἵ)
1111 1023 1300 1074 prodidit
1331 1023 1601 1074 paucissima

178 1095 277 1132 sunt
311 1104 363 1132 ac
398 1091 648 1132 falsissima.
712 1091 863 1144 Neque
913 1093 1027 1132 enim
1074 1092 1262 1143 primum
1298 1091 1431 1132 fuisse
1464 1091 1602 1132 Aeso-

178 1172 278 1211 pum
327 1160 398 1212 qui
444 1159 613 1200 fabulas
662 1160 705 1200 in
740 1158 973 1201 Graeciam
1023 1159 1295 1201 transtulerit
1338 1163 1488 1201 notum
1536 1164 1602 1201 est.

177 1239 331 1281 neque,
367 1228 409 1268 id
442 1228 557 1281 quod
590 1228 810 1269 neminem
844 1229 988 1269 adhuc
1022 1229 1389 1269 animaduertisse
1412 1241 1500 1270 non
1522 1229 1602 1269 mi-

176 1309 259 1349 ror,
291 1296 438 1338 liberis
472 1296 754 1348 Graecorum,
789 1298 823 1337 si
859 1309 969 1337 sana
1004 1297 1130 1337 lectio
1153 1301 1195 1338 et
1217 1293 1376 1343 παισίν,
1410 1310 1601 1349 unquam

176 1366 430 1407 narrauisse
465 1378 563 1406 eum
600 1365 770 1406 fabulas
803 1366 888 1407 ullo
923 1365 1134 1418 probatur
1168 1365 1340 1406 indicio.

267 1433 428 1476 Suidae
462 1445 590 1485 porro
623 1433 769 1474 uerbis
804 1430 963 1484 ἔγραψε
993 1433 1043 1471 τᾶ
1075 1433 1117 1471 ὲν
1144 1434 1324 1483 Δελφοῖς
1354 1429 1465 1486 αὐτῷ
1495 1447 1599 1481 συμ-

176 1498 308 1549 βάντα
339 1501 381 1539 ἐν
409 1500 590 1549 βιβλώις
619 1498 656 1549 β’
697 1502 798 1554 quid
841 1501 1091 1543 faciendum
1126 1502 1182 1542 sit
1214 1501 1306 1541 iure
1341 1512 1492 1541 omnes
1528 1501 1601 1541 de-

176 1579 426 1620 sperauere,
463 1569 543 1609 nisi
580 1568 689 1610 forte
714 1584 736 1610 a
764 1569 937 1616 Babrio,
974 1570 1097 1610 cuius
1121 1569 1468 1610 studiosissimus
1492 1574 1598 1615 erat.¹

175 1636 334 1679 Suidas
367 1638 498 1678 etiam
534 1638 575 1678 in
609 1638 692 1679 hoc
728 1639 938 1679 imitando
972 1650 1226 1690 expressum
1262 1649 1359 1678 esse
1380 1637 1600 1689 Aesopum

176 1705 417 1747 hariolatus
451 1711 529 1747 est.
565 1708 679 1759 quod
714 1707 883 1748 duobus
916 1706 986 1747 ille
1009 1706 1129 1746 libris
1150 1705 1397 1746 fabularum
1419 1710 1600 1747 cuncta-

176 1787 269 1815 rum
305 1775 560 1828 complexus
593 1781 659 1817 est
692 1777 864 1829 copiam
899 1789 1038 1817 suam.

266 1850 357 1892 lam
406 1853 663 1905 quaestione
707 1853 932 1906 hucusque
979 1852 1186 1904 perducta
1230 1852 1345 1905 quod
1377 1851 1597 1904 Aesopum

176 1919 413 1972 aliquando
459 1920 696 1962 Corinthiis
746 1921 940 1963 fabulam
991 1933 1197 1963 narrasse
1239 1920 1426 1962 disticho
1469 1920 1541 1961 illo
1575 1934 1600 1961 a

176 1987 296 2040 Diog.
331 1988 471 2030 Laert.
507 1989 677 2032 Socrati
712 1991 874 2032 tributo
907 1991 1117 2033 docemur
1142 1995 1214 2031 aut
1233 1990 1466 2030 Aristotele
1489 1993 1600 2030 teste

176 2054 294 2110 (met.
330 2056 377 2107 ΙΙ,
412 2056 461 2111 3)
495 2058 640 2098 nautis
673 2059 1003 2100 narratiuncula
1037 2059 1228 2111 quadam
1262 2056 1436 2098 fabulae
1470 2057 1598 2098 ualde

176 2123 375 2165 dissimili
409 2124 540 2167 bilem
577 2127 770 2167 mouisse
803 2127 961 2168 dicitur
995 2132 1070 2168 aut
1089 2127 1241 2167 eodem
1262 2131 1442 2167 auctore
1466 2124 1597 2169 (rhet.

177 2191 214 2232 Il
248 2191 326 2246 20)
361 2191 609 2243 δημηγορῶν
638 2192 883 2242 κρινομένου
913 2194 1165 2246 δημαγωγοῦ
1189 2192 1284 2243 περί
1315 2193 1501 2232 θανάτου
1519 2193 1598 2235 Sa-

177 2260 288 2301 mios
322 2262 376 2302 ad
410 2261 761 2302 misericordiam
794 2267 973 2303 narrata
1009 2262 1159 2303 fabula
1204 2262 1477 2303 conuertisse
1511 2267 1599 2302 tra-

177 2328 304 2369 ditur.
340 2341 392 2370 ea
426 2329 629 2371 uidelicet
661 2343 749 2371 non
783 2330 918 2371 multo
952 2330 1086 2382 pluris
1126 2330 1329 2371 habenda
1363 2342 1461 2371 esse
1495 2343 1600 2372 con-

178 2397 308 2437 cedes
353 2410 484 2450 quam
518 2399 645 2450 quod,
692 2398 762 2451 qui
799 2397 993 2439 fabulam
1027 2398 1190 2440 referre
1225 2399 1416 2451 aliquam
1452 2399 1599 2441 uolue-

178 2469 289 2505 runt.
325 2478 421 2507 eam
456 2466 648 2519 incipere
681 2466 795 2507 soliti
830 2471 930 2507 sunt
964 2467 1110 2508 uerbis
1133 2463 1337 2512 Αἴσωπος
1359 2462 1454 2518 ἔφη,
1476 2461 1596 2518 εἶπεν,

175 2617 255 2640 sem
280 2608 523 2641 reuocandam
550 2608 707 2641 fortasse
734 2619 814 2642 esse
841 2608 936 2642 haud
964 2608 1086 2653 inepte
1113 2607 1322 2653 suspicatus
1349 2611 1405 2642 est
1434 2608 1599 2642 Kellerus

178 2675 211 2707 p.
239 2663 318 2696 377.
