1863 3043
762 102 808 135 49

78 197 240 251 locis¹¹l.
307 198 385 239 Cui
429 202 638 250 tanquam
685 198 868 249 principi
904 197 1216 249 applaudentes
1250 199 1495 239 adnuerunt

77 266 350 318 Wagenerus
384 266 644 307 Zuendelius
680 267 862 307 Hotliius
898 265 1264 317 Landsbergerus.
1315 267 1505 308 Yeruin-'

79 339 227 375 tamen
266 333 377 375 alius
419 339 587 375 restare
634 335 739 375 mibi
785 335 952 376 uidetur
996 335 1238 387 scrupulus,
1289 349 1373 388 quo
1407 341 1499 377 tota

81 402 297 444 Welckeri
331 404 651 454 argumentatio
686 403 986 445 labefactetur.
1041 403 1190 456 Neque
1230 404 1344 444 enim
1380 405 1499 457 equi-

80 472 179 512 dem
214 470 412 523 intellego
444 485 576 524 quam
610 472 665 513 ol)
700 484 788 513 rem
827 473 968 523 imago
1013 472 1082 512 illa
1119 472 1289 524 Aesopi.
1342 473 1499 525 quippe

81 551 193 592 quae
240 540 491 580 uniuersam
536 539 779 581 fabularum
828 540 1036 597 praebeat
1068 541 1258 592 speciem
1294 545 1335 581 et
1368 541 1501 582 ratio-

82 620 194 659 nem,
229 612 319 648 tum
354 609 528 649 demum
570 607 750 650 Graecis
796 609 949 649 oborta
994 609 1060 659 sit.
1110 621 1208 649 cum
1254 608 1498 650 fabularum

84 676 169 716 iam
218 675 391 727 paulum
448 688 716 717 euanescere
770 677 959 717 uidimus
1016 676 1177 717 famam
1230 677 1500 730 gloriamque

83 751 211 799 atque
253 759 365 799 quae
410 747 526 799 prius
575 760 723 788 earum
771 752 1057 798 gustauerunt
1099 747 1383 789 acerbitatem
1419 749 1502 789 He-

82 815 192 856 siodi
225 815 475 856 Archilochi
511 816 747 858 Simonidis
781 815 1022 857 Stesichori
1057 821 1225 857 aetates
1248 816 1380 858 talem
1415 830 1500 858 non

82 883 429 925 desiderauerint
462 897 708 936 personam.
745 885 813 924 cui
849 883 1093 925 fabularum
1116 885 1392 926 inuentarum
1427 892 1500 926 aut

83 951 256 993 aliunde
289 951 520 993 allatarum
556 953 783 994 induerent
816 953 1010 1004 gloriam.
1046 953 1196 993 Subito
1226 958 1370 994 autem
1405 966 1502 995 sae-

85 1020 182 1062 culo
224 1026 326 1062 ante
361 1020 461 1062 Chr.
509 1035 547 1062 n.
591 1023 741 1074 quinto
786 1022 947 1062 mentio
994 1023 1107 1073 apud
1151 1023 1415 1063 llerodotum
1468 1024 1501 1064 lI

87 1089 170 1130 134
193 1085 395 1128 Αἰσώπου
427 1090 497 1127 τοῦ
533 1089 752 1140 λογοποιοῦ
784 1090 969 1142 primum
994 1091 1184 1131 occurritv
1207 1091 1354 1132 iuncta
1374 1092 1501 1132 simul

86 1171 185 1198 cum
219 1157 294 1199 tali
329 1170 478 1199 causa.
523 1170 634 1211 quae
669 1158 895 1199 oraculum
932 1158 1186 1210 Delphi‹·um
1224 1159 1263 1199 in
1298 1172 1500 1211 magnam

85 1226 278 1267 omnium
313 1226 520 1267 inuidiam
558 1227 792 1267 induceret.
840 1227 979 1279 Atque
1014 1226 1176 1268 famam
1211 1233 1299 1268 tam
1334 1233 1502 1281 turpem

85 1294 309 1336 oraculum
345 1295 588 1336 subiturum
616 1294 748 1336 fuisse
773 1295 1047 1336 arbitremur.
1085 1296 1163 1336 nisi
1190 1307 1346 1337 reuera
1370 1296 1505 1337 uixis-

85 1367 151 1404 set
192 1363 426 1416 aliquando
474 1365 521 1404 is.
576 1364 617 1403 in
661 1375 788 1416 quem
835 1364 996 1404 editum
1045 1368 1159 1404 esset
1205 1363 1366 1404 malum
1403 1364 1504 1405 illud

87 1432 262 1484 Delphis
299 1433 468 1473 facinus
482 1436 502 1472 ἱ)
538 1433 684 1485 ltaque
719 1432 941 1473 hominem
977 1437 1094 1473 certe
1130 1432 1263 1473 fuisse
1296 1445 1382 1474 non
1406 1446 1506 1485 pos—

85 1514 183 1542 sum
216 1514 302 1542 non
336 1500 598 1553 arbitrati-if).
635 1501 689 1540 ad
723 1512 850 1553 quem
885 1511 1037 1540 omnes
1072 1500 1124 1540 de
1148 1500 1320 1552 Aesopo
1354 1513 1506 1542 narra-

89 1569 230 1610 tiones
264 1569 456 1609 redeant.

178 1637 318 1689 Atque
351 1638 555 1690 quoniam
595 1638 634 1676 in
671 1638 858 1677 maxima
904 1637 1251 1678 testimoniorum
1297 1638 1508 1689 ambigui-

90 1710 180 1746 tate
218 1710 260 1746 et
305 1705 617 1746 controuersiis
652 1717 894 1746 uer-samur.
933 1705 972 1745 id
1006 1705 1084 1746 erit
1119 1705 1160 1745 in
1194 1706 1344 1757 primis
1378 1718 1509 1758 agen-

90 1774 191 1814 dum
225 1779 272 1815 ut
304 1774 346 1814 in
380 1773 648 1825 singulorum
683 1774 1032 1814 testimoniorum
1074 1774 1199 1814 tidem
1243 1787 1372 1826 quam
1415 1775 1509 1815 dili-

92 1842 345 1894 gentissime
375 1842 659 1895 inquiramus.
696 1854 844 1883 eorum
873 1842 1123 1894 priusquam
1160 1841 1322 1894 aliquid
1356 1843 1396 1882 in
1431 1856 1508 1883 no-

92 1916 228 1951 strum
263 1914 571 1952 conuertamus
606 1924 746 1951 usum.

180 2048 293 2089 Inter
326 2060 478 2089 omnes
512 2049 746 2102 scriptores
771 2048 930 2098 Aesopi
967 2047 1094 2087 modo
1129 2047 1214 2086 dixi
1243 2048 1507 2089 mentionem

93 2120 299 2168 quantum
335 2116 498 2157 scimus
532 2116 716 2167 primam
755 2115 840 2156 lieri
885 2115 940 2155 ab
974 2115 1204 2156 Herodoto.
1270 2114 1321 2156 Is.
1357 2115 1389 2156 11
1427 2116 1511 2157 134

95 2184 359 2237 Rhodopidis
394 2184 635 2224 meretricis
669 2187 859 2224 aetatem
899 2183 1152 2224 deliniturus
1176 2182 1288 2223 haec
1312 2185 1508 2235 exponit:

93 2249 200 2291 ἔτεσι
229 2250 307 2302 γᾶρ
340 2250 467 2303 κάρτα
499 2253 690 2289 πολλοῖσι
716 2249 1064 2301 1‘3012'-Q‹›1¹1·01'›tw1¹
1087 2251 1169 2289 τῶν
1192 2251 1402 2299 βασιλέων
1432 2251 1513 2290 τῶν

92 2315 166 2364 τᾰς
196 2316 438 2368 πυραμίδας
469 2317 623 2365 ταύτας
671 2320 903 2367 λιπομέιων
946 2319 993 2368 ήι
1018 2316 1235 2369 Ῥοδῶπις,
1269 2318 1407 2369 yut-*61¹
1437 2320 1513 2367 μὲν

195 2433 218 2477 ¹)
244 2433 382 2468 Ibidem
410 2434 470 2478 qui
506 2434 573 2468 sibi
608 2433 805 2479 praeierint
841 2434 932 2467 hauc
966 2433 1187 2467 sententiam
1223 2432 1258 2466 in
1295 2432 1372 2478 ipso
1409 2432 1513 2466 initio

93 2492 293 2524 enumerat.

191 2545 218 2590 ²)
245 2546 337 2581 Item
353 2546 521 2580 Kellerus
541 2559 574 2592 p.
594 2548 663 2581 374
683 2558 737 2590 sq.
758 2545 880 2579 causis
901 2545 987 2579 milii
1008 2545 1128 2579 minus
1147 2544 1309 2590 probatis
1328 2544 1513 2578 Welckeri

95 2602 246 2647 eiusque
270 2602 493 2638 asseclarum
521 2606 690 2637 conatum
718 2601 948 2648 improbauit.
1406 2647 1426 2680 4
