1854 3017
949 150 993 182 515

264 242 439 282 [arelius
459 241 498 295 ¹¹).
534 243 606 294 qui
640 243 895 295 praesertim
931 245 1096 296 optima
1130 250 1247 286 esset
1281 246 1333 286 de
1356 245 1487 287 rebus
1511 246 1685 299 Delphi-

263 311 323 350 cis
358 310 548 351 imbutus
583 311 842 362 cognitione.
890 312 961 352 ulli
1009 312 1266 354 dubitationi
1302 318 1444 366 potest
1478 325 1575 355 esse
1608 314 1685 355 ob-

264 379 452 420 noxium.
519 380 658 432 Atque
692 380 840 420 omnia
879 393 991 433 quae
1027 381 1154 422 modo
1188 382 1426 427 attulimus,
1476 383 1683 435 quoniam

264 448 446 489 alterum
481 460 534 488 ex
554 448 692 489 altero
714 449 920 501 sequitur⁷
957 449 1043 490 iam
1064 450 1270 491 Herodoti
1293 450 1685 504 Aristophanisque

262 515 531 568 temporibus
567 515 747 557 Graecis
781 522 956 569 propter
990 517 1250 560 breuitatem
1284 532 1369 572 qua
1411 523 1550 560 totam
1593 531 1685 560 rem

265 590 443 636 uterque
478 585 614 636 tetigit
649 585 899 637 peruulgata
938 587 1072 628 fuisse
1106 599 1366 639 persuasum
1413 588 1568 629 habeo.
1635 588 1686 628 Et

267 653 418 693 iterum
453 665 505 693 ac
539 654 714 705 saepius
749 668 772 694 a
806 654 983 707 Delphis
1019 669 1117 696 cum
1151 656 1479 708 pronuntiatum
1503 661 1619 697 esset
1644 661 1687 697 ut

267 733 449 772 poenam
485 721 603 762 illam
639 723 860 774 acciperet
893 736 1021 776 quem
1057 725 1257 776 oportuit.
1294 737 1439 765 nonne
1462 736 1515 765 ea
1537 725 1687 766 omnia

265 789 393 830 simul
435 791 685 840 peruasisse
720 790 952 832 Graeciam
1003 797 1349 833 consentaneum
1385 794 1483 833 est‘?
1546 793 1686 846 Atque

265 858 395 898 etiam
430 871 514 910 quo
552 859 637 899 sere
671 864 866 911 tempore
902 861 998 901 illas
1034 866 1176 902 terrae
1212 861 1446 913 Delphicae
1483 862 1684 903 miserias

265 931 464 967 secutum
498 927 553 967 sit
585 927 796 980 Apollinis
832 929 1057 970 oraculum
1094 935 1225 982 atque
1259 930 1425 981 passim
1460 930 1688 982 peruulga-

266 1000 356 1035 tum
391 996 643 1037 esiniectura
678 997 776 1038 licet
813 999 1001 1051 assequi.
1040 999 1149 1039 Nam
1184 999 1390 1051 quoniam
1426 999 1587 1051 Aesopi
1610 1011 1689 1039 no-

266 1076 362 1104 men
410 1064 489 1104 sub
538 1065 675 1116 ipsam
714 1066 917 1107 Herodoti
968 1073 1160 1108 aetatem
1211 1068 1398 1119 primum
1448 1067 1688 1108 innotuisse

265 1145 392 1183 supra
432 1147 468 1184 p.
505 1135 560 1174 49
593 1135 939 1176 demonstratum
963 1141 1040 1176 est.
1077 1136 1289 1188 ingruisse
1313 1135 1565 1177 morborum
1589 1147 1690 1176 cae-

267 1201 379 1253 lique
426 1203 699 1255 iniquitatem
741 1204 917 1256 Delphis
963 1218 1047 1246 non
1089 1205 1271 1246 multum
1307 1209 1408 1245 ante
1442 1205 1482 1245 id
1516 1209 1689 1257 tempus

269 1270 308 1310 li.
345 1283 380 1311 e.
420 1271 506 1312 sere
541 1273 684 1312 medio
718 1286 756 1313 a.
795 1273 893 1314 Chr.
929 1287 968 1316 n.
1005 1274 1183 1315 saeculo
1217 1274 1366 1326 quinto
1413 1273 1504 1314 ueri
1547 1273 1690 1314 simile

268 1344 343 1381 est.
380 1340 529 1393 Neque
563 1342 679 1382 enim
713 1343 785 1383 ‹liu
819 1343 936 1394 ipsos
971 1343 1160 1395 Delphos
1194 1344 1338 1395 inopia
1377 1355 1537 1394 magna
1569 1354 1691 1395 pres-

268 1421 340 1448 sos
385 1409 511 1450 deum
557 1411 785 1451 consulere
829 1416 1059 1452 vuncmtos
1100 1424 1197 1453 esse
1231 1412 1411 1464 eiusque
1444 1411 1612 1452 iussum
1645 1414 1692 1451 ut

267 1478 415 1517 statim
450 1478 669 1531 explerent
705 1485 747 1520 et
783 1481 995 1533 frequenti
1030 1493 1104 1532 per
1137 1481 1444 1521 breuissimum
1480 1479 1707 1532 temporis

268 1547 456 1597 spatium
500 1548 848 1600 promulgatione
893 1549 1010 1590 facta
1052 1561 1239 1601 poenam
1286 1561 1414 1601 quam
1464 1547 1691 1589 celerrime

267 1614 485 1655 soluerent
522 1616 626 1656 nihil
661 1629 735 1657 eos
771 1618 990 1669 antiquius
1018 1617 1224 1657 habuisse
1248 1617 1589 1657 existimandum
1611 1620 1688 1657 est.

269 1683 322 1722 At
358 1683 630 1725 interfectum
668 1690 757 1725 luni
792 1686 966 1726 demum
1001 1687 1222 1737 Aesopum
1258 1697 1367 1726 caue
1402 1686 1569 1726 credas.

357 1761 510 1814 Itaque
544 1775 570 1803 a
603 1763 812 1815 Delphico
846 1764 1026 1805 oraculo
1061 1776 1143 1816 qua
1179 1767 1273 1803 erat
1306 1762 1492 1803 scientia
1533 1766 1574 1802 et
1615 1774 1692 1802 au-

242 1822 244 1826 ’
271 1831 472 1871 ctoritate
505 1831 691 1883 primum
727 1832 770 1872 in
794 1845 947 1873 omnes
980 1831 1194 1873 Graeciae
1227 1836 1373 1883 partes
1398 1830 1690 1882 cognitionem

272 1911 476 1940 manasse
509 1900 666 1952 Aesopi
703 1900 774 1938 τοῦ
803 1899 1021 1950 λογοποιοῦ
1052 1900 1277 1952 probabile
1301 1904 1379 1940 est.
1414 1899 1552 1952 thue
1577 1900 1692 1948 λογο-

273 1968 384 2004 mum
430 1969 485 2008 illi
533 1970 718 2021 primum
767 1982 792 2010 a
836 1969 1013 2021 Delphis
1057 1970 1239 2010 inditum
1275 1980 1372 2009 esse
1405 1979 1567 2009 nomen
1600 1966 1691 2007 ueri

272 2036 411 2077 simile
445 2042 522 2078 est.
566 2038 621 2078 ita
658 2050 817 2078 nomen
852 2037 943 2078 eius
979 2035 1195 2089 Αἴσωπον,
1246 2037 1402 2089 quippe
1436 2036 1506 2088 qui
1541 2034 1693 2076 alieni-

271 2117 378 2155 gena
415 2112 533 2147 certo
570 2106 692 2147 t'ueril
730 2111 860 2159 atquc
895 2107 1005 2147 adeo
1040 2118 1091 2147 ex
1126 2106 1373 2147 remotioris
1406 2105 1539 2146 Asiae
1571 2109 1693 2145 tene-

274 2173 359 2213 bris
407 2174 504 2214 illuc
549 2176 721 2216 uenisse
767 2175 977 2215 uideatur.
1032 2175 1156 2216 facile
1195 2175 1251 2215 ad
1286 2173 1442 2215 Graeci
1477 2172 1693 2215 sermonis

273 2255 425 2282 sonum
463 2243 786 2284 ‹onformatum
822 2256 919 2284 esse
971 2244 1034 2284 ucl
1087 2243 1141 2283 :ib
1182 2244 1275 2295 ipso
1323 2242 1391 2283 uel
1444 2255 1469 2283 a
1517 2241 1693 2293 Delphis

274 2310 369 2350 livet
405 2312 618 2353 arbitrari.
655 2313 747 2353 Huc
784 2313 886 2353 facit
905 2313 1035 2354 etiam
1055 2312 1287 2364 singularis
1311 2311 1500 2352 nominis
1523 2310 1693 2363 speeies

274 2391 403 2429 quam
441 2392 540 2420 uere
575 2380 791 2422 (fiii-aecam
827 2382 1007 2433 prodere
1041 2381 1230 2422 indolem
1265 2380 1442 2432 quidam
1467 2383 1691 2430 negarunt.

275 2447 417 2496 Quare
475 2449 658 2490 habeant
713 2451 789 2491 uiri
842 2450 1160 2503 el.yiiiols›gi‹·ae
1209 2450 1314 2490 artis
1343 2448 1696 2499 linguarumque

376 2592 399 2631 ¹)
428 2593 648 2628 breuissime
687 2594 780 2628 idem
823 2606 1015 2628 causarum
1053 2605 1167 2627 nexus
1204 2592 1435 2636 significatus
1470 2591 1541 2624 iam
1569 2592 1624 2624 est
1651 2589 1696 2623 ab

277 2649 468 2684 Heraclide
500 2650 598 2683 l’ont.
626 2650 726 2695 polit.
755 2652 809 2685 22.
