1937 3032
1026 154 1046 188 2

325 255 366 295 in
400 258 594 295 ueterum
630 253 801 304 scriptis
835 264 966 304 quam
1000 251 1043 290 in
1077 250 1298 291 cotidiano
1332 261 1533 291 sermone
1577 250 1746 302 praeci-

324 335 455 374 puum
490 321 623 362 fuisse
662 320 805 361 locum
839 323 1185 360 consentaneum
1209 322 1287 369 est,
1322 318 1551 371 quisquam
1579 318 1622 359 id
1646 319 1743 370 egit,

324 395 369 431 ut
422 389 755 431 accuratissime
803 387 1131 440 perscrutandis
1180 385 1448 428 Graecarum
1503 386 1745 427 litterarum

323 471 434 511 quae
483 462 656 499 exstant
702 456 996 497 monumentis
1046 455 1291 496 fabularum
1343 455 1490 496 onmia
1539 455 1745 507 deinceps

323 527 506 578 uestigia
540 525 778 576 indagaret,
814 536 964 565 earum
999 523 1114 576 apud
1137 523 1328 575 singulos
1353 524 1587 576 scriptores
1606 523 1746 576 inqui-

323 598 435 635 roret
476 594 705 643 rationem,
757 593 1040 644 distingueret
1087 596 1287 644 tempora
1334 592 1532 643 regiones
1575 595 1742 644 gentes:

322 663 399 704 sed
435 661 678 703 fabularum
713 661 904 713 reliquiis
938 672 1049 713 quae
1073 660 1188 712 apud
1211 660 1329 712 ipsos
1355 658 1548 701 Graecos
1572 664 1746 701 exstant

322 733 393 772 uix
436 731 689 771 memoratis
736 730 895 770 nedum
938 733 1057 770 recte
1106 729 1350 770 aestimatis
1399 733 1473 770 aut
1521 728 1745 781 perpensis

322 799 432 840 alius
465 799 507 838 in
542 798 673 839 aliam
710 797 878 839 delatus
914 801 979 838 est
1010 797 1285 849 peregrinam
1319 801 1490 848 gentem
1524 801 1746 838 contortu-

322 868 373 908 lis
407 866 668 920 quibusdam
703 871 745 907 et
767 866 944 907 minutis
968 879 1072 906 usus
1098 864 1467 907 conclusiunculis
1490 865 1588 906 inde
1612 863 1746 906 Grae-

321 949 472 977 corum
507 934 677 976 fabulas
711 947 799 975 una
832 946 932 975 cum
966 934 1138 986 Aesopo
1171 932 1392 985 profectas
1428 932 1595 974 fortiter
1624 944 1746 974 asse-

321 1017 493 1045 uerans.
528 1003 615 1055 Ego
649 1016 751 1044 uero
786 1002 1018 1054 confugere
1053 1006 1253 1055 oportere
1286 1002 1340 1043 ad
1369 1002 1621 1054 peregrinas
1644 1013 1746 1053 gen-

320 1077 386 1113 tes
420 1072 597 1113 omnino
639 1083 761 1122 nego,
809 1071 1064 1124 priusquam
1098 1070 1305 1124 quidquid
1339 1082 1391 1111 ex
1424 1070 1529 1122 ipsis
1565 1069 1745 1112 Graecis

320 1144 465 1193 potest
498 1140 606 1181 disci
641 1139 866 1191 diligenter
902 1140 944 1180 id
978 1139 1224 1191 collegeris3
1264 1139 1525 1191 praesertim
1560 1151 1660 1180 cum
1693 1139 1746 1180 de

321 1209 403 1249 illis
447 1209 548 1261 quid
592 1207 748 1249 fabulis
792 1207 1012 1248 ualuerint
1054 1207 1189 1248 multo
1222 1207 1367 1248 minus
1401 1210 1573 1248 constet
1605 1218 1745 1260 neque

319 1289 405 1330 quo
446 1281 642 1329 tempore
684 1281 725 1317 et
768 1289 853 1329 qua
895 1276 968 1317 uia
1013 1287 1035 1317 e
1080 1276 1386 1317 remotissimis
1419 1275 1668 1328 regionibus
1701 1275 1745 1315 in

321 1345 553 1387 Graeciam
596 1345 742 1386 illatae
786 1357 882 1386 esse
928 1344 1138 1397 paruulae
1172 1345 1271 1386 illae
1303 1357 1373 1385 res
1405 1344 1627 1397 putandae
1660 1344 1747 1385 sint

321 1418 488 1455 certum
534 1414 769 1467 quicquam
818 1418 860 1454 et
906 1425 959 1454 ne
1003 1413 1095 1454 ueri
1139 1413 1313 1466 quidem
1347 1412 1488 1453 simile
1520 1412 1686 1454 sciatur
1703 1410 1743 1466 ¹).

318 1483 411 1524 Nec
445 1482 809 1535 proficiscendum
853 1493 950 1523 esse
985 1493 1144 1522 censeo
1179 1494 1204 1522 a
1236 1480 1479 1522 rationibus
1512 1485 1558 1522 ut
1590 1481 1651 1521 ita
1683 1480 1747 1521 di-

320 1564 418 1592 cam
463 1550 836 1603 philosophorum,
891 1550 1047 1603 quibus
1101 1554 1316 1603 quatenus
1364 1550 1570 1591 idoneum
1619 1548 1747 1590 fuerit

319 1620 511 1672 ipsorum
557 1618 827 1660 Graecorum
873 1618 1093 1670 ingenium
1140 1618 1297 1660 fabulis
1348 1630 1425 1659 seu
1470 1617 1745 1659 inueniendis

320 1700 397 1729 seu
432 1687 699 1740 accipiendis
733 1687 908 1728 aliunde
942 1691 1179 1740 quaeratur
1212 1711 1268 1714 —
1301 1687 1482 1727 nimium
1524 1687 1568 1727 in
1613 1698 1665 1727 ea
1698 1697 1745 1728 re

320 1756 477 1797 morati
510 1760 610 1797 sunt
644 1760 685 1797 et
720 1755 880 1797 frustra
915 1754 1152 1797 Grauertus
1187 1754 1201 1808 ζ
1215 1755 1304 1807 ⁷‚De
1337 1755 1510 1808 Aesopo
1544 1759 1587 1796 et
1624 1754 1746 1796 fabu-

320 1825 370 1865 lis
403 1824 647 1877 Aesopiis“,
684 1824 863 1865 Bonnae
901 1822 1036 1877 18:25)
1080 1828 1121 1864 et
1153 1823 1350 1865 Kellerus
1383 1822 1434 1868 (l.
1470 1822 1521 1878 l.)
1555 1847 1624 1875 —‚
1675 1824 1745 1865 uel

419 1920 444 1962 ¹)
470 1919 650 1960 Kellerus,
678 1920 739 1964 qui
765 1931 837 1964 qua
865 1918 926 1953 uia
953 1918 1158 1963 antiquitus
1186 1931 1319 1963 magna
1344 1919 1553 1954 fabularum
1578 1931 1664 1965 pars
1699 1931 1745 1954 ex

320 1975 421 2010 India
447 1976 484 2010 in
513 1975 705 2010 Graeciam
731 1975 949 2020 migrauerit
975 1979 1116 2020 quaest.
1146 1976 1189 2010 de
1208 1976 1297 2020 orig.
1318 1975 1462 2021 apologi
1482 1975 1624 2018 Graeci,
1651 1987 1745 2022 quae

318 2032 444 2066 insunt
470 2032 506 2066 in
536 2032 659 2066 Jahnii
675 2044 757 2067 ann.
775 2032 825 2066 IV
838 2032 907 2067 uol.
923 2033 1052 2078 suppl„
1076 2045 1158 2078 pag.
1187 2034 1255 2068 3:34
1282 2033 1406 2068 studet
1431 2033 1634 2075 ostendere,
1662 2044 1745 2067 cum

319 2088 391 2123 alia
409 2090 547 2134 profert
566 2088 813 2123 incertissima
833 2092 911 2123 tum
930 2090 1016 2124 hoc:
1045 2089 1160 2124 fuisse
1179 2089 1479 2134 frequentissima
1494 2089 1744 2134 negotiatione

318 2144 503 2179 maritima
531 2145 617 2179 olim
644 2145 859 2180 coniunctos
890 2146 1017 2180 Indum
1045 2149 1081 2180 et
1107 2146 1346 2192 Euphratem.
1389 2146 1528 2180 Verum
1554 2157 1600 2180 ne
1627 2145 1745 2181 Nebu-

318 2201 529 2236 cadnezaris
557 2202 589 2235 II
616 2201 762 2246 quidem
788 2202 1016 2247 temporibus
1042 2202 1225 2237 mediocre
1252 2202 1368 2237 fuisse
1387 2202 1646 2237 commercium
1672 2213 1744 2236 ma-

318 2258 481 2292 ritimum
516 2258 611 2293 inter
645 2258 869 2304 Babylonios
906 2262 940 2293 et
969 2259 1078 2294 Indos
1105 2259 1314 2305 nuperrime
1341 2258 1464 2294 docuit
1489 2258 1544 2293 El.
1571 2259 1744 2304 Meyerus

317 2315 402 2349 hist.
429 2315 600 2360 antiquit.
628 2316 641 2349 I
669 2317 748 2350 592.
783 2315 897 2350 Paulo
934 2316 1158 2351 moderatius
1193 2328 1232 2351 se
1258 2315 1375 2360 gessit
1400 2316 1642 2360 Wagenerus,
1681 2315 1744 2360 qui

317 2384 538 2416 quamquam
564 2372 747 2406 obseruat.
775 2373 818 2406 de
845 2372 1068 2407 necessitate
1094 2385 1186 2417 quae
1213 2372 1418 2407 intercedat
1451 2372 1547 2407 inter
1572 2373 1744 2407 Indorum

317 2428 489 2473 apologos
516 2431 552 2462 et
578 2429 800 2463 Graecorum
827 2429 1068 2473 (‚‚Memoi1·es
1096 2432 1299 2464 couronnes
1325 2432 1362 2464 et
1384 2428 1579 2463 memoires
1606 2429 1670 2464 des
1688 2440 1744 2464 sa-

317 2487 427 2518 vants
441 2487 630 2528 etrangers
643 2484 785 2530 publies
801 2497 865 2530 par
879 2485 1091 2520 l'academie
1106 2485 1232 2530 royale
1248 2485 1291 2520 de
1302 2485 1515 2530 Belgique⁴‘‚
1527 2487 1613 2520 tom.
1625 2485 1742 2531 XXV)

317 2552 398 2585 pag.
434 2542 499 2575 122
535 2552 612 2585 sqq.
649 2541 692 2575 de
728 2541 798 2583 uia,
838 2553 909 2586 qua
936 2541 1079 2587 apologi
1107 2541 1222 2576 Indici
1249 2542 1293 2576 ad
1322 2541 1482 2577 Graecos
1507 2541 1742 2588 peruenerint

318 2597 454 2631 certius
480 2597 566 2641 quid
593 2597 707 2632 statui
733 2610 839 2643 posse
867 2600 988 2642 negat,
1015 2598 1174 2633 maxime
1200 2601 1323 2634 tamen
1358 2598 1410 2633 ait
1446 2610 1526 2633 esse
1552 2598 1740 2644 probabile

317 2665 379 2687 cos
405 2654 448 2688 ab
476 2654 576 2688 Indis
602 2654 786 2700 accepisse
813 2655 996 2700 Assyrios,
1025 2655 1068 2689 ab
1096 2655 1152 2690 his
1180 2655 1311 2700 Lydos.
