1937 3032
1000 135 1041 168 16

315 231 379 270 nis
414 231 550 270 instar
583 231 802 282 praecepti
839 229 986 271 fabula
1019 235 1345 272 narraretur—
1367 236 1565 274 ueterum
1598 230 1723 274 Grae·

315 310 463 338 ‹oi-um
489 298 813 348 gnomologicos
836 298 1102 340 abstinuisse
1124 299 1282 341 fabulis
1304 301 1551 342 uidebimus
1577 324 1634 329 -—
1657 301 1734 342 sed

315 379 439 406 suuni
483 366 692 407 habuisse
738 379 954 420 quamque
998 381 1150 409 casum
1193 382 1277 422 quo
1310 370 1497 422 primum
1530 369 1736 411 inclaruit

316 440 353 475 ct
389 448 575 487 quocum
610 436 758 476 iuncta
791 448 867 488 per
899 438 1124 478 hominum
1159 451 1235 480 ora
1274 439 1535 480 circumiret.
1576 438 1732 488 Quare,

316 515 581 555 quamquam
617 503 860 545 Phalaridis
896 507 1071 557 mentio,
1107 508 1178 560 qui
1213 507 1444 559 Agrigenti,
1479 519 1566 548 non
1591 506 1737 547 Hime-

316 583 390 611 rae
426 570 502 611 fuit
536 576 759 624 tyrannus,
795 573 863 614 uel
882 574 992 616 adeo
1012 573 1201 626 Gelonis,
1237 576 1309 629 qui
1333 575 1496 617 Conon.
1531 587 1646 617 narr.
1680 574 1738 615 42

318 639 578 691 perhibetur.
614 640 843 682 offensioni
877 643 1137 696 quibusdam
1171 646 1226 686 sit
1246 644 1285 695 1),
1324 644 1514 686 fabulam
1544 657 1569 685 a
1596 655 1643 685 re
1665 642 1740 684 illa

317 713 450 759 gesta,
487 709 554 749 cui
589 714 663 750 aut
697 710 906 762 originem
941 713 1069 754 debet
1103 718 1177 754 aut
1211 712 1388 764 famam,
1424 712 1739 765 seiungendam

319 788 416 817 esse
451 778 696 828 negandum
732 783 795 819 est
830 783 870 820 et
904 782 1275 834 acquiescendum
1309 783 1353 822 in
1384 780 1630 822 Aristotelis
1663 793 1762 826 aur

319 845 531 886 ctoritate.
568 870 623 873 —
656 846 897 900 Apologum
945 851 1016 903 qui
1066 850 1121 892 ab
1161 851 1344 892 Aeliano
1386 851 1427 891 h.
1463 863 1502 892 a.
1537 848 1651 890 XVII
1684 848 1739 889 37

321 912 459 953 eidem
496 913 696 955 tribuitur
738 915 1003 960 Stesichoro.
1039 923 1182 960 utrum
1218 919 1464 960 narrauerit
1506 930 1645 960 necne
1677 921 1745 959 est

306 979 433 1034 'quod
452 982 622 1024 dubites
637 981 680 1037 2,).
717 985 900 1038 Bergkio
919 992 1079 1038 autem,
1100 989 1170 1041 qui
1190 993 1302 1041 poet.
1323 988 1398 1041 lyr.
1419 987 1471 1028 ΙΙΙ
1491 1000 1530 1040 p.
1566 987 1665 1037 227,
1701 990 1743 1027 et

322 1051 556 1103 Hartungo,
593 1053 664 1105 qui
698 1053 773 1106 lyr.
811 1053 963 1097 Graec.
999 1057 1019 1097 I
1051 1070 1089 1109 p.
1128 1057 1211 1097 175
1246 1055 1386 1110 sqq.³)
1419 1056 1479 1097 illi
1512 1067 1611 1097 eum
1649 1055 1744 1095 uin-

322 1118 489 1159 dicaut.
539 1120 630 1172 ipse
665 1121 877 1175 suffragor
908 1129 1153 1177 propterea,
1198 1125 1313 1178 quod
1351 1124 1472 1165 illum
1504 1122 1635 1165 rebus
1667 1135 1747 1176 pu-

323 1186 445 1227 blicis
480 1188 523 1228 in
559 1188 707 1230 Sicilia
740 1204 826 1232 non
861 1193 1041 1245 impigre
1075 1192 1326 1235 interfuisse
1360 1205 1413 1235 ex
1446 1193 1498 1234 iis
1523 1204 1636 1246 quae
1668 1204 1746 1232 an-

324 1256 526 1297 tecedunt
570 1262 610 1298 et
657 1270 710 1299 ex
752 1260 957 1302 uniuersa
991 1267 1218 1314 poetarum
1256 1262 1336 1303 illis
1370 1260 1638 1314 temporibus
1671 1272 1749 1301 au-

326 1325 528 1366 ctoritate
563 1332 758 1379 apparet,
794 1334 838 1369 ut
862 1329 977 1371 hanc
1002 1343 1173 1384 quoque
1198 1330 1394 1372 fabulam
1418 1342 1518 1372 eum
1542 1340 1749 1370 narrasse

325 1405 376 1433 ac
422 1392 608 1436 fortasse
653 1397 795 1449 ipsum
830 1399 1050 1440 inuenisse
1084 1401 1176 1441 ueri
1210 1400 1350 1441 simile
1383 1399 1449 1440 sit.
1484 1422 1541 1427 —-
1573 1397 1750 1451 Apoph-

325 1461 500 1513 thegma
547 1464 745 1518 denique,
803 1469 917 1520 quod
959 1469 1136 1510 Aristot.
1185 1469 1294 1510 rhet.
1329 1468 1376 1517 II,
1421 1467 1474 1508 21
1509 1465 1751 1509 Stesichori

326 1542 422 1571 9556
446 1532 630 1573 traditur
653 1529 844 1582 ἁρμόττῃ
880 1536 958 1575 δ’ὲν
988 1542 1076 1582 τοῖς
1106 1535 1308 1582 τοιοὺτοις
1341 1535 1412 1574 καί
1443 1534 1491 1573 τά
1515 1533 1749 1574 ,Λακωνικά

328 1595 434 1649 (inoff
448 1599 641 1649 θὲγματιι
684 1601 755 1640 καί
794 1603 843 1641 τὰ
875 1601 1175 1653 αἰνιγματώδη,
1221 1600 1308 1643 οἷον
1338 1602 1380 1643 d
1408 1619 1468 1650 τις
1500 1603 1623 1653 λέγοι,
1654 1598 1750 1653 ὅπερ

325 1664 586 1716 Στησίχορος
633 1669 674 1706 ἐν
715 1672 900 1720 Λοκροῖς
945 1665 1064 1724 εἶπεν,
1117 1669 1177 1710 ὅτι
1220 1669 1267 1710 οὐ
1307 1672 1374 1710 δεῖ
1398 1669 1602 1721 ὑβριστὰς
1631 1663 1751 1716 ῥῖναι,

329 1729 440 1777 ὅπως
469 1735 524 1783 νιιιξ
569 1732 605 1772 οἱ
650 1736 826 1787 τέττιγες
865 1738 1060 1788 χαμόθεν
1104 1735 1260 1794 ᾄδωσιν
1299 1740 1334 1781 si
1380 1740 1523 1792 ipsum
1566 1750 1654 1780 non
1699 1748 1752 1778 ex

329 1801 511 1854 apologo
556 1804 703 1860 aliquo
746 1807 989 1859 profectum
1024 1813 1102 1859 est,
1139 1814 1183 1850 at
1226 1809 1311 1850 dici
1345 1809 1418 1850 uix
1443 1810 1628 1861 poterat,
1669 1805 1753 1846 nisi

330 1871 401 1922 qui
451 1872 649 1914 audirent
687 1874 933 1917 fabularum
966 1878 1125 1918 rationi
1159 1878 1219 1918 ita
1254 1876 1439 1918 fuissent
1481 1874 1659 1926 assueti,
1708 1877 1757 1914 ut

332 1940 604 1982 reconditum
657 1942 784 1985 huius
833 1945 936 1986 dicti
969 1957 1160 1991 sensum,
1210 1958 1338 1998 quem
1387 1944 1516 1985 hodie
1564 1943 1646 1996 ipsi
1682 1942 1755 1983 uix

332 2010 506 2061 assequi
540 2023 787 2062 possumus,
823 2013 1044 2055 callerent.

422 2077 511 2118 lam
555 2084 698 2120 utrum
743 2082 938 2123 carmine
984 2095 1040 2123 an
1086 2082 1238 2124 solutis
1272 2081 1418 2123 uerbis
1454 2080 1625 2122 fabulas
1658 2078 1756 2120 illas

334 2145 525 2187 retulerit
560 2146 850 2200 Stesichorus,
908 2155 1133 2192 certamen
1167 2155 1233 2192 est
1267 2151 1469 2192 obortum
1502 2150 1615 2190 inter
1647 2147 1758 2188 Har-

334 2218 523 2266 tungum.¹
578 2218 649 2269 qui
694 2219 893 2260 uersibus
927 2232 1003 2261 eas
1037 2206 1178 2261 dictas
1213 2220 1448 2273 contendit,
1481 2223 1524 2260 et
1555 2216 1758 2259 Welcke—

336 2296 429 2323 rum
473 2297 525 2325 ac
576 2286 805 2338 Bergkium
849 2301 976 2330 secus
1020 2290 1271 2331 sentientes.
1342 2289 1422 2330 Hic
1486 2300 1565 2340 ego
1628 2286 1758 2328 alter-

438 2405 460 2449 1)
488 2406 725 2443 Aristotelem
751 2422 814 2455 pro
841 2411 1167 2455 Agrigentinorum
1194 2409 1467 2445 Himerensium
1493 2419 1636 2448 nomen,
1675 2418 1760 2452 quo-

338 2473 416 2495 rum
445 2474 462 2495 e
490 2462 641 2498 ciuitate
669 2465 899 2500 Stesichorus
922 2470 1001 2502 erat
1027 2471 1139 2505 ortus.
1167 2479 1358 2514 perperam
1383 2465 1552 2512 posuisse
1576 2463 1762 2509 Bergkius

340 2517 482 2553 conicit.

437 2575 463 2612 ²)
491 2575 763 2613 Dubitationem
791 2581 930 2625 primus
956 2581 1176 2617 'Welckerus
1201 2581 1224 2615 l.
1251 2581 1273 2615 l.
1300 2593 1333 2627 p.
1361 2581 1429 2616 213
1456 2579 1582 2614 mouit..

439 2631 462 2670 ³)
491 2633 568 2667 eius
595 2634 859 2680 interpret-andi
886 2650 951 2682 ego
979 2638 1146 2682 argutias
1171 2638 1230 2672 hic
1256 2649 1327 2672 non
1354 2649 1451 2671 curo.
