1937 3032
800 216 820 250 3

100 312 255 365 quibus
289 324 400 366 quae
434 312 561 354 fuerit
592 311 760 364 apologi
778 310 932 352 Graeci
967 315 1123 352 natura
1157 322 1355 364 quaeque
1390 311 1521 351 inter-

101 381 284 422 cesserit
316 381 354 422 ei
387 381 628 422 necessitas
663 392 761 420 cum
811 379 1039 431 proverbio
1089 384 1130 420 et
1171 379 1373 431 gnomica
1408 391 1519 431 quae

103 449 258 489 dicitur
301 449 422 501 poesi
468 452 644 489 eruatur
677 471 732 475 —
766 448 894 488 nimis
939 453 1065 488 acute
1098 448 1142 488 in
1174 447 1226 488 iis
1260 446 1389 488 rebus
1424 459 1520 488 uer-

102 522 223 558 satus
267 522 440 569 praeter
482 521 651 557 ceteros
691 522 755 557 est
798 516 1006 568 Bergkius
1055 516 1152 557 hist.
1203 515 1280 556 litt.
1317 514 1469 556 Graec.
1506 515 1520 555 I

100 584 186 626 363
219 598 309 638 sqq.
344 608 413 626 —-.
459 589 691 637 propterea
731 585 845 637 quod
879 585 919 625 in
955 596 1001 625 re
1034 589 1123 625 tam
1159 584 1244 625 late
1278 584 1444 636 patenti
1479 588 1519 624 ct

102 653 335 695 uetustatis
373 652 565 694 tenebris
609 653 799 694 obducta
844 652 1040 706 profecto
1083 654 1211 694 nimis
1250 653 1336 694 late
1370 654 1521 704 uagari

102 725 244 774 potest
277 732 414 762 mens:
465 721 547 762 nisi
582 720 688 762 fines
723 722 934 774 quosdam
970 721 1101 762 habet
1135 726 1265 762 antea
1311 723 1521 762 constitu-

100 794 180 831 tos.
233 789 285 830 Et
316 789 522 842 quoniam
549 802 672 830 nunc
706 794 822 831 certe
856 790 1090 839 nescimus,
1127 790 1339 830 eademne
1373 791 1521 831 condi-

103 860 228 901 cione
259 872 366 901 usae
399 860 484 901 sint
519 858 691 901 fabulae
725 861 1057 913 antiquissimae
1090 865 1220 913 atque
1243 861 1357 912 apud
1378 866 1522 913 poste-

101 929 238 970 riores
270 927 462 970 Graecos
497 929 613 981 apud
647 929 870 970 Romanos
895 929 1008 980 apud
1033 933 1252 969 nostrates
1278 929 1347 970 uel
1370 941 1523 982 quem·

102 997 169 1038 uis
202 996 421 1049 populum,
457 997 498 1037 id
532 1009 807 1049 summopere
841 997 920 1037 erit
954 997 1167 1048 agendum
1192 1001 1236 1037 ut
1260 1010 1390 1050 quam
1414 999 1523 1039 inte-

102 1065 336 1117 gerrimum
369 1065 413 1105 in
446 1065 748 1118 quaestionem
782 1064 1017 1106 afferamus
1052 1065 1258 1106 iudicium
1292 1066 1411 1106 nulla
1440 1067 1521 1107 tin-

103 1138 220 1175 ctum
255 1138 385 1187 atque
418 1138 680 1186 occupatum
704 1133 945 1174 alienarum
979 1144 1123 1173 rerum
1149 1134 1406 1185 cognitione.
1442 1135 1514 1176 Der

103 1203 202 1244 inde
234 1202 348 1255 quod
376 1206 580 1243 cunctam
614 1203 744 1243 istam
780 1201 1026 1243 fabularum
1060 1201 1176 1243 salse
1210 1202 1424 1243 dictorum
1459 1204 1524 1244 hi-

103 1271 469 1324 storiolarumque
525 1270 770 1321 colluuiem,
835 1282 947 1323 quae
1001 1269 1192 1323 qualibet
1225 1270 1523 1324 Aesopearum

105 1338 350 1381 fabularum
384 1339 641 1380 collectione
659 1337 686 1392 ¹)
721 1338 979 1386 continetur.
1015 1339 1378 1392 quandocumque
1403 1352 1523 1382 exre

103 1419 202 1449 esse
235 1406 476 1458 uidebatur7
527 1408 570 1448 in
617 1420 743 1448 suum
785 1411 1040 1448 conuertere
1073 1420 1199 1447 usum
1235 1420 1320 1448 non
1354 1408 1525 1450 dubita-

102 1474 222 1525 bant,
257 1474 488 1527 opprobrio
523 1475 621 1516 dem
654 1486 794 1527 paene
828 1474 1028 1516 omnibus
1063 1487 1137 1516 eas
1172 1475 1312 1516 solum
1354 1476 1523 1519 fabulas

103 1543 361 1585 existimans
393 1544 578 1589 utendas
612 1555 709 1584 esse
741 1555 819 1595 pro
851 1543 1126 1593 testimoniis,
1163 1556 1347 1598 quarum
1372 1546 1424 1586 de
1447 1559 1525 1586 an-

102 1612 303 1665 tiquitate
337 1611 547 1653 dubitatio
582 1623 679 1653 esse
711 1616 854 1664 potest
892 1612 1022 1653 nulla.

194 1706 335 1748 Etiam
384 1706 560 1758 grauius
608 1711 838 1758 peccatum
873 1711 938 1747 est
970 1705 1025 1747 ab
1059 1706 1261 1748 omnibus
1296 1719 1359 1758 eo⁷
1411 1709 1526 1761 quod

103 1774 465 1825 testimoniorum,
501 1786 612 1827 quae
648 1773 804 1816 Graeci
837 1775 918 1827 ipsi
953 1773 1354 1828 Graeculorumque
1387 1777 1526 1817 ultimi

105 1843 156 1884 de
189 1841 362 1896 Aesopo
397 1842 730 1897 fabularumque
764 1844 928 1896 origine
952 1848 993 1885 et
1017 1844 1276 1885 condicione
1300 1845 1525 1887 ediderunt

104 1911 296 1952 maxime
330 1913 553 1953 contraria
586 1912 698 1953 inter
722 1924 768 1953 se
790 1925 843 1953 ac
863 1912 1114 1965 pugnantia,
1151 1912 1334 1953 alteram
1356 1918 1525 1966 partem

104 1979 234 2020 nimis
268 1979 423 2032 cupide
456 1980 731 2032 arripuerunt
763 1979 946 2021 alteram
968 1980 1081 2021 iusto
1107 1980 1232 2021 citius
1257 1980 1525 2023 abiecerunt.

103 2046 150 2088 In
192 2047 276 2089 hac
317 2060 363 2089 re
405 2053 596 2101 quantae
639 2061 685 2090 se
725 2048 881 2101 singuli
925 2049 1119 2090 dederint
1163 2049 1408 2091 credulitati
1453 2057 1527 2092 aut

104 2116 334 2158 socordiae
367 2116 462 2169 ipsa
495 2116 777 2158 manifestum
812 2115 901 2158 fore
934 2128 1062 2169 spero
1085 2117 1391 2160 dissertatione
1413 2132 1524 2161 mea.

106 2182 516 2226 Controuersiarum
565 2189 711 2226 autem
765 2185 838 2226 illa
888 2185 1029 2236 turba,
1085 2197 1196 2238 quae
1245 2187 1359 2238 apud
1408 2187 1526 2240 ipsos

105 2251 299 2294 Graecos
349 2253 402 2294 de
449 2252 623 2306 Aesopo
677 2258 719 2294 et
770 2252 1016 2294 fabularum
1070 2254 1234 2305 origine
1287 2254 1525 2307 obtinebat,

105 2332 250 2362 nonne
283 2333 458 2363 omnem
491 2314 830 2363 incertissimam
866 2320 998 2363 fuisse
1032 2322 1224 2374 ipsorum
1260 2321 1526 2364 Graecorum

106 2387 159 2429 de
192 2388 244 2430 iis
276 2388 406 2430 rebus
440 2390 671 2432 scientiam
707 2390 895 2431 ostendit
927 2394 969 2430 et
1000 2394 1047 2430 ut
1091 2403 1265 2431 summa
1304 2391 1422 2443 prius
1466 2392 1529 2432 di-

106 2455 283 2509 ligentia
315 2457 360 2498 in
392 2458 519 2499 unius
554 2458 763 2511 cuiusque
799 2458 924 2499 sidem
960 2458 1231 2511 inquiramus
1257 2471 1387 2511 quam
1407 2460 1528 2512 quic-

105 2537 238 2578 quam
271 2525 310 2567 ei
344 2526 386 2566 in
420 2526 488 2568 his
523 2527 755 2568 credamus
789 2526 918 2568 rebus
963 2525 1203 2578 efflagitat?
1258 2526 1379 2577 Quae
1427 2540 1526 2569 cum

208 2647 348 2693 ¹)‘Eius
374 2661 465 2694 quae
503 2649 597 2695 apud
634 2649 863 2684 Teubnerum
900 2661 945 2683 ex
976 2661 1121 2694 recogn.
1150 2649 1285 2683 Halmii
1311 2650 1445 2695 prodiit
1471 2663 1528 2686 an.

110 2705 201 2740 1884
227 2705 382 2740 referam
411 2705 447 2739 in
476 2705 611 2740 fabulis
637 2705 829 2740 laudandis
855 2717 1037 2740 numeros.
