1937 3032
1040 213 1085 246 22

351 308 733 360 ι(1110111103οῙ110051
769 320 997 361 nusquam.
1065 309 1156 349 Hoc
1201 321 1307 350 casu
1355 321 1408 350 ac
1454 308 1562 351 forte
1608 310 1771 353 factum

354 388 449 417 esse
498 388 607 416 caue
640 380 780 428 putas.
846 376 971 417 Haud
1005 377 1185 428 exiguus
1220 377 1335 417 enim
1370 390 1469 418 011111
1503 383 1644 420 exstet
1677 392 1774 421 car-

354 444 515 483 minum
563 444 862 493 gnomicoruin
908 456 961 485 ex
1007 445 1324 498 antiquissimis
1374 445 1456 486 illis
1501 447 1772 499 temporibus

352 524 570 563 numerus,
620 512 749 564 plane
791 511 927 553 libera
974 512 1046 553 illa
1080 514 1194 566 quod
1227 518 1327 554 sunt
1362 513 1606 555 fabularum
1640 516 1774 557 uesti-

351 580 443 630 giis,
494 580 536 620 id
581 580 730 632 ecquis
775 580 868 621 iure
914 580 1112 622 tribuerit
1145 582 1302 623 casui‘?
1358 583 1618 634 praesertim
1672 596 1771 625 cum

350 647 533 688 aliorum
580 647 838 700 populorum
882 652 1037 700 poetas
1081 654 1127 690 ut
1161 650 1220 690 ita
1254 650 1398 691 dicam
1434 651 1673 702 gnomicos‚
1727 657 1772 694 ut

352 728 494 756 mores
537 715 676 756 bonos
722 716 847 756 suani
883 720 925 756 et
958 716 1104 757 subtili
1143 718 1452 759 commendent
1485 719 1667 770 ratione,
1717 721 1774 762 ad

349 783 455 823 nihil
496 784 723 835 proniores
770 795 867 824 esse
914 785 1194 837 perspicuum
1237 785 1291 826 sit
1338 799 1468 838 quam
1512 787 1567 827 ad
1602 785 1773 829 fabulas

349 852 418 893 uel
460 852 706 893 narrandas
753 852 821 893 uel
854 854 1110 905 tangendas.
1176 854 1439 895 Fabularum
1475 860 1623 896 autem
1658 855 1774 897 hanc

349 920 385 961 si
418 920 601 972 respicis
635 920 936 972 acerbitatem,
974 922 1154 963 easdem
1188 935 1292 963 num
1326 923 1508 964 idoneas
1533 924 1653 965 uisas
1676 936 1774 965 esse

350 988 610 1029 arbitremur
656 989 973 1041 antiquissimis
1009 988 1190 1031 Graecis
1236 991 1291 1031 ad
1335 1003 1505 1031 morum
1537 996 1774 1045 praecepta

351 1058 602 1098 communia
634 1058 862 1109 tradenda,
916 1059 1072 1111 quibus
1114 1059 1374 1112 praesertim
1409 1059 1678 1101 imbueretur
1710 1065 1775 1101 te-

351 1137 456 1166 nera
504 1126 738 1167 iuuentus?
800 1126 940 1180 Atque
974 1128 1182 1180 quoniam
1217 1140 1293 1168 eas
1326 1140 1415 1169 non
1448 1140 1601 1170 omnes
1637 1126 1773 1170 Grae-

351 1207 501 1235 corum
535 1198 687 1246 gentes
719 1195 882 1246 pariter
916 1196 1071 1247 cupide
1105 1195 1295 1248 amplexi
1328 1200 1428 1236 sunt
1462 1209 1514 1237 ac
1538 1196 1774 1249 praecipue

350 1262 509 1304 Dorica
541 1275 661 1315 gens,
697 1264 897 1316 quamuis
936 1263 1064 1305 fuerit
1096 1265 1326 1316 gnomicae
1359 1264 1556 1305 studiosa
1587 1276 1774 1317 poeseos

351 1336 392 1372 et
425 1332 651 1372 sententiis
685 1331 894 1373 breuibus
928 1332 1130 1385 salseque
1164 1333 1290 1373 dictis
1323 1332 1466 1386 plena,
1514 1336 1580 1374 est
1622 1345 1774 1385 asper-

351 1404 468 1451 nata,
504 1401 619 1452 apud
651 1400 785 1442 Jones
820 1405 967 1442 autem
995 1406 1086 1442 tam
1119 1402 1229 1442 arcti
1262 1406 1362 1442 sunt
1395 1400 1515 1452 fines,
1551 1402 1594 1442 in
1617 1400 1773 1454 quibus

351 1481 501 1509 earum
536 1469 729 1510 cernitur
760 1482 880 1516 115115,
914 1473 1094 1522 tamque
1127 1482 1235 1510 sane
1269 1468 1439 1511 infestis
1462 1481 1541 1511 eae
1561 1470 1774 1511 inseruie-

351 1536 456 1577 bant
498 1537 724 1577 hominum
759 1537 972 1578 consiliis:
1023 1538 1141 1590 ipsas
1175 1539 1316 1590 primo
1349 1550 1436 1579 non
1478 1538 1538 1578 ita
1571 1538 1775 1579 arrisisse

352 1604 621 1646 Graecorum
651 1606 835 1658 ingeniis
869 1610 911 1647 et
943 1607 1094 1648 nescio
1128 1619 1181 1648 ex
1215 1619 1301 1659 qua
1334 1605 1623 1647 barbarorum
1656 1610 1774 1647 terra

352 1673 406 1714 ab
450 1674 632 1716 Jonibus
674 1675 817 1716 illatas
867 1687 964 1716 esse
1012 1675 1304 1716 certissimum
1357 1679 1434 1716 est.
1500 1675 1640 1715 Etiam
1688 1686 1774 1727 qua

353 1754 405 1782 ex
438 1744 666 1795 peregrina
699 1744 876 1795 regione
909 1744 953 1784 in
970 1742 1203 1784 Graeciam
1237 1743 1490 1795 irrepserint
1523 1742 1776 1796 antiquissi-

353 1823 451 1852 mae
486 1810 754 1853 Graecorum
790 1810 978 1862 fabulae,
1014 1813 1175 1852 certius
1209 1823 1336 1864 spero
1370 1823 1500 1864 posse
1535 1811 1638 1853 erui.

440 1880 659 1922 Animalia
693 1893 804 1934 quae
838 1881 881 1921 in
914 1881 965 1922 iis
998 1887 1145 1933 partes
1166 1881 1306 1932 egisse
1329 1881 1493 1921 scimus
1517 1879 1628 1921 haec
1647 1884 1770 1921 sunt:

355 1949 517 2001 inilpes,
553 1962 722 2000 00111115,
759 1962 908 2002 equus,
945 1950 1102 2002 aquila,
1137 1949 1336 2000 1115011113,
1372 1949 1519 2000 ardea,
1569 1947 1773 1999 anguilla,

352 2017 517 2069 anguis,
553 2029 734 2069 cancer3
770 2018 837 2059 leo
869 2031 957 2059 non
991 2022 1228 2070 comparet.
1275 2017 1336 2058 Ex
1369 2017 1436 2058 his
1470 2017 1663 2070 ardeam,
1696 2029 1774 2057 an-

352 2085 540 2137 guillam,
591 2098 790 2137 anguem,
835 2086 1131 2138 cancrum,⁴si
1164 2086 1266 2138 quid
1300 2098 1352 2127 ex
1382 2084 1645 2126 animalibus
1679 2097 1773 2126 cer-

351 2154 434 2193 tius
470 2154 522 2193 de
557 2153 801 2194 fabularum
822 2155 986 2206 origine
1010 2154 1107 2195 elici
1128 2154 1242 2199 licet,
1278 2154 1457 2195 maioris
1482 2166 1579 2195 0550
1600 2154 1656 2195 ad
1674 2165 1772 2195 eam

353 2234 444 2262 rem
491 2223 700 2263 momenti
746 2223 904 2264 debere
947 2235 1107 2264 censeo
1151 2236 1282 2276 quam
1325 2227 1472 2264 cetera
1510 2223 1554 2263 in
1587 2221 1773 2264 Graecia

353 2291 531 2343 eiusque
564 2291 719 2331 uicinis
753 2292 795 2331 in
828 2291 1077 2343 regionibus
1112 2291 1478 2344 frequentissima.
1521 2291 1661 2344 Atque
1695 2290 1774 2332 ssu-

356 2359 481 2399 minis
514 2359 660 2410 magni
694 2360 854 2400 ostium
887 2360 969 2400 illis
1002 2360 1187 2401 indicari
1220 2360 1315 2412 quis
1349 2372 1434 2401 non
1468 2359 1618 2400 uidet?
1681 2359 1772 2400 lam

354 2439 452 2467 cum
495 2427 539 2466 in
587 2427 753 2478 insulis⁷
803 2429 845 2468 in
889 2428 1043 2481 quibus
1086 2429 1276 2469 maxime
1318 2429 1556 2481 antiquitus
1602 2427 1772 2469 fabulas

355 2494 554 2535 floruisse
602 2495 833 2536 didicimus
877 2496 964 2537 tale
1018 2496 1267 2537 inueniatur
1308 2496 1486 2548 nullum,
1537 2496 1775 2538 Maeander

354 2566 500 2603 autem
534 2562 694 2603 flumen
728 2564 771 2604 in
804 2564 899 2616 ipsa
932 2564 1079 2605 fabula
1112 2564 1276 2607 Simon.
1311 2565 1407 2605 Am.
1444 2563 1492 2605 fr.
1527 2564 1553 2605 8
1574 2564 1774 2606 laudetur

355 2642 539 2682 cumque
572 2632 686 2682 apud
719 2632 904 2673 eundem
940 2632 988 2673 fr.
1026 2633 1076 2673 11
1113 2646 1174 2686 sq.
1211 2634 1264 2674 de
1297 2645 1381 2674 ouo
1403 2633 1572 2674 anseris
1596 2632 1774 2674 Maean-

355 2698 474 2739 slriae
508 2711 653 2740 sermo
686 2700 741 2741 sit
774 2712 914 2753 neque
948 2701 1034 2742 alia
1069 2713 1121 2742 ex
1154 2702 1271 2741 omni
1308 2701 1556 2743 fabularum
1580 2701 1774 2743 multitu-
