1863 3043
848 158 891 192 2?

162 258 398 299 Hieronem
433 261 593 299 monet,
627 262 673 297 ut
705 268 758 297 ne
792 255 944 296 simii
977 254 1168 294 imitetur
1201 265 1359 304 mores,
1395 254 1471 294 sed
1503 266 1580 305 po-

160 327 245 367 tius
279 325 604 367 Rhadamanthi
628 324 924 366 constantiam
944 327 985 364 et
1006 323 1296 375 aequitatem:
1332 323 1579 375 quicunque

161 406 260 436 eam
291 394 567 447 potissimum
602 392 735 433 fuisse
770 392 1016 433 fabularum
1050 391 1455 443 antiquissimarum
1494 390 1577 430 uir-

161 468 296 504 tutem
331 475 383 504 ac
416 462 645 511 rationem,
680 466 726 502 ut
760 461 862 502 mali
897 465 938 502 et
971 460 1166 512 peruersi
1203 470 1347 500 mores
1397 459 1458 499 eis
1508 459 1580 499 de-

161 534 414 571 notarentur
447 535 489 570 et
523 529 811 579 eluderentur,
850 528 1132 581 perspexerit,
1184 528 1222 568 ei
1262 539 1316 568 ne
1353 527 1468 568 simii
1507 527 1578 566 hic

163 599 319 650 imago,
354 611 440 651 qua
473 610 499 639 a
521 610 660 650 praua
682 602 828 638 mente
849 609 994 648 regem
1012 600 1142 648 poeta
1163 595 1382 636 deterrere
1403 594 1579 644 studuit,

161 666 241 708 erit
274 665 504 707 offensioni
537 677 677 718 neque
710 665 1025 717 interpretandi
1064 663 1414 716 emendandique
1447 662 1580 703 artifi-

161 734 239 775 ciis
272 746 380 787 opus
413 745 511 775 esse
544 734 772 781 uidebitur,
809 733 965 786 quibus
1000 732 1202 784 imaginis
1235 731 1456 785 quaedam
1488 734 1579 771 tur-

162 802 309 855 pitudo
340 802 501 843 uitetur
533 806 609 843 aut
641 801 839 842 leniatur.
904 800 969 841 An
1025 801 1163 852 magis
1213 799 1357 840 decuit
1405 802 1580 851 poetam

162 871 353 922 Hieroni,
387 875 435 912 ut
467 871 559 912 eius
584 874 784 923 carperet
807 870 1164 919 inconstantiam,
1188 868 1399 921 puerilem
1425 879 1579 919 expro-

160 939 289 980 brare
322 939 544 980 mentem?
576 939 625 980 Id
662 939 698 979 si
732 950 883 979 secum
917 941 1163 990 reputasset
1188 936 1428 985 Dissenius,
1462 935 1580 987 prin-

163 1008 305 1060 cipem
339 1020 439 1048 cum
472 1007 600 1048 simio
634 1007 704 1047 hic
747 1006 935 1047 conferri
981 1005 1212 1047 molestum
1253 1016 1350 1045 esse
1385 1008 1426 1044 et
1460 1004 1582 1044 inho-

162 1080 335 1118 nestum
357 1089 444 1117 non
463 1076 761 1116 contendisset
780 1087 862 1116 nec
888 1075 1020 1115 totius
1043 1072 1387 1125 comparationis
1416 1073 1475 1112 ita
1493 1076 1583 1112 tur-

162 1143 313 1186 basset
346 1149 477 1198 atque
496 1145 764 1185 distorsisset
798 1143 1139 1196 simplicitatem,
1174 1146 1219 1182 ut
1243 1139 1584 1182 Rhadamantho

162 1225 250 1254 non
282 1212 458 1253 simium
491 1213 568 1253 sed
601 1212 805 1265 puerulos
839 1212 909 1252 hic
943 1211 1103 1264 opponi
1137 1214 1338 1251 censeret
1367 1209 1581 1261 simiique,

165 1281 289 1321 cuius
321 1279 518 1333 profecto
552 1281 686 1321 multo
720 1281 858 1332 magis
892 1279 1067 1321 effertur
1100 1279 1262 1320 mentio
1287 1282 1328 1319 et
1350 1277 1582 1318 uerborum

165 1349 491 1391 constructione
525 1354 565 1390 et
599 1349 791 1390 numeris
825 1362 956 1402 quam
990 1348 1093 1388 illud
1126 1345 1285 1397 παισίν,
1319 1357 1460 1398 paene
1482 1357 1586 1386 eua-

164 1421 366 1458 nesceret
397 1417 464 1458 uis
498 1430 550 1458 ac
584 1418 753 1470 pondus
770 1416 812 1472 ¹).
865 1418 989 1458 Hunc
1024 1416 1167 1457 locum
1202 1415 1272 1467 qui
1306 1414 1382 1455 tali
1415 1414 1585 1454 ratione

167 1485 478 1537 interpretandi
519 1490 747 1538 temptant,
796 1485 851 1527 ab
891 1486 958 1526 his
991 1483 1336 1535 Aristophaneas
1371 1482 1585 1522 dictiones

166 1551 437 1602 πιθηκεσμός,
470 1553 773 1603 ὸήμοηιῖῒηκος,
806 1552 1057 1600 πιθηκίζὲιν,
1083 1552 1134 1592 de
1158 1551 1313 1604 quibus
1332 1548 1445 1590 infra
1467 1563 1507 1602 p.
1530 1548 1585 1589 32

165 1619 394 1671 uidebitur,
431 1633 529 1661 cum
563 1621 718 1662 horum
752 1620 986 1662 uerborum
1020 1620 1299 1672 simplicitate
1324 1617 1585 1660 commixtas

167 1699 264 1729 esse
299 1688 455 1729 mirum
489 1701 577 1730 non
610 1694 687 1730 est.

255 1758 633 1801 Calumniatorum
680 1764 826 1801 autem
872 1760 1035 1801 mentio
1077 1760 1120 1800 lit
1153 1759 1329 1799 demum
1362 1757 1508 1798 uerbis
1542 1770 1582 1797 u.

168 1826 223 1866 75
258 1820 326 1864 οἶα
349 1824 546 1878 ψιθύρων
576 1826 790 1876 παλάμαις
821 1824 924 1865 ἕπετ’
956 1826 1039 1866 αἰεί
1068 1829 1229 1876 βροτῶν
1259 1826 1432 1867 adiecta
1467 1837 1587 1866 COm-

166 1895 394 1947 paratione
426 1908 466 1936 u,
503 1895 556 1936 77
593 1891 737 1945 ὀργαῖς
768 1891 903 1940 ἀτενὲς
937 1891 1170 1933 ἀλωπέκων
1211 1891 1354 1945 ἴκελοι,
1402 1894 1454 1934 de
1496 1905 1583 1946 qua

168 1962 341 2005 breuior
385 1967 536 2004 nostra
579 1963 659 2004 erit
704 1962 951 2014 disputatio.
996 1962 1090 2002 Iam
1125 1974 1391 2015 quamquam
1426 1973 1479 2002 ne
1513 1961 1584 2002 hic

168 2031 341 2084 quidem
376 2035 496 2072 certa
530 2029 690 2081 fabula,
724 2043 835 2083 quae
868 2030 993 2072 nobis
1027 2035 1132 2071 nota
1155 2034 1233 2080 est,
1268 2030 1387 2081 tangi
1417 2041 1471 2070 ex
1493 2029 1587 2081 ipso

169 2099 324 2152 plurali
355 2097 590 2138 ἀλωπέκων
611 2111 794 2140 numero
818 2104 1012 2151 apparet,
1048 2104 1197 2140 tamen
1219 2111 1306 2140 non
1330 2098 1471 2139 solam
1495 2098 1588 2138 ani-

169 2168 348 2209 malium
392 2172 594 2208 naturam
640 2168 717 2208 sed
762 2168 880 2219 ipsas
925 2167 1110 2218 fabulas,
1160 2168 1203 2207 in
1246 2166 1401 2220 quibus
1435 2166 1587 2219 uulpes

169 2236 513 2277 calumniatricis
565 2248 800 2288 personam
848 2236 1061 2286 induerat,
1115 2235 1350 2276 Pindarum
1400 2235 1589 2276 caluisse

170 2306 463 2347 certissimum
517 2309 594 2346 est.
623 2311 626 2314 ’
665 2304 727 2345 Ac
779 2303 974 2356 profecto
1028 2317 1127 2345 cum
1180 2305 1292 2345 inter
1345 2316 1421 2345 eas
1476 2315 1588 2357 quae

170 2373 294 2415 nobis
337 2374 390 2415 de
431 2373 560 2426 uulpe
598 2372 779 2414 relictae
825 2377 925 2414 sunt
969 2371 1140 2414 fabulas
1174 2373 1292 2414 nulla
1325 2373 1586 2422 inueniatur,

171 2442 214 2483 in
246 2454 331 2495 qua
378 2441 531 2494 uulpes
564 2441 838 2493 potissimum
875 2440 1218 2482 calumniatricis
1264 2445 1365 2492 agat
1398 2446 1544 2493 partes
1558 2438 1589 2494 ²)

269 2535 293 2579 ¹)
320 2534 467 2569 Disseni
493 2534 602 2569 istam
627 2534 893 2580 interpretandi
919 2533 1097 2568 rationem
1124 2536 1273 2568 secutus
1300 2536 1356 2568 est
1384 2533 1588 2578 Leopoldus

170 2590 344 2629 Schmidt,
371 2591 415 2625 de
442 2590 589 2625 Pindari
616 2590 691 2625 uita
719 2593 755 2624 et
780 2602 890 2625 carm.
917 2602 950 2636 p.
978 2591 1046 2625 202
1073 2601 1129 2624 no,
1159 2591 1190 2625 2.

267 2647 294 2691 ²)
321 2647 425 2681 Hanc
452 2658 470 2681 e
497 2646 664 2693 plurimis
691 2647 826 2681 fabulis
851 2646 1055 2680 innotuisse
1093 2645 1245 2680 Graecis
1270 2645 1393 2691 uulpis
1420 2648 1587 2680 naturam
