1854 3017
904 239 948 273 82

212 347 319 376 sane
352 333 634 387 futtilissima‚
683 337 906 378 contraria
945 336 1203 387 Diogeniani
1245 336 1437 377 Theonis
1475 334 1636 378 Suidae

212 404 419 458 Hesychii
453 404 651 456 neglecta
683 406 913 447 sententia.
962 405 1128 446 Iniuria
1160 418 1290 458 porro
1333 408 1636 457 argumentum

212 473 301 525 peti
339 485 470 525 posse
508 473 597 514 iam
640 474 803 515 dietum
847 474 973 516 nobis
1020 478 1086 516 est
1129 487 1182 516 ex
1215 487 1267 516 eo
1301 475 1416 528 quod
1449 473 1505 515 ab
1539 473 1638 527 Epi-

213 543 393 583 charmo
431 555 509 595 pro
551 542 807 596 Sybariticis
849 542 1008 585 fabulis
1052 544 1303 596 promiscue
1343 543 1507 584 dictum
1540 554 1638 584 esse

212 612 385 653 uidetur
438 609 651 661 Συβάρεια
698 611 995 663 ἐπιφθέγματα
1008 610 1052 667 1).
1116 613 1401 654 Tutissimum
1451 611 1639 665 denique

212 680 480 732 praesidium
526 681 773 722 sententiae
826 692 934 721 suae
986 681 1160 733 parauit
1210 681 1280 722 ille
1329 679 1411 721 sibi
1458 679 1639 721 adscitis

213 749 350 790 SChOl.
386 750 442 790 ad
475 762 543 791 au.
579 749 662 791 471
698 749 845 790 uerbis
868 749 992 790 hisce
1018 747 1099 788 *iol
1127 748 1170 787 δέ
1197 763 1302 794 τινες
1337 745 1381 786 οἳ
1409 745 1504 793 τούς
1535 750 1639 798 βρα-

210 822 299 868 χεῖς
334 815 407 856 καί
440 815 662 868 συντόμους
705 816 871 868 λέγουσι
917 815 1196 867 Συβαριτίδας
1238 814 1425 866 καθάπερ
1460 813 1636 866 Μνησί-

213 900 349 935 μαχος
379 885 420 924 ἐν
453 883 796 939 Φαρμακοπώλῃ.
861 885 972 926 Hinc
1015 897 1145 937 quam
1180 884 1291 925 mira
1323 883 1394 925 ille
1428 883 1636 933 elicuerit,

215 953 316 994 audi
348 953 478 995 modo
511 953 654 1006 ipsum
687 953 712 994 l.
748 953 790 995 1.;
826 954 909 994 den
941 952 1109 1004 tiefern‚
1144 951 1460 993 wesentliehen
1492 955 1640 993 unter-

214 1022 365 1063 sehied
398 1022 548 1063 beider
566 1021 921 1074 fabelgattungen
945 1021 1062 1073 aber,
1096 1021 1287 1062 welcher
1305 1021 1430 1062 darin
1452 1020 1638 1070 bostem,

215 1091 318 1132 dass
352 1091 420 1132 die
454 1091 746 1144 sybaritisehe
765 1090 880 1132 sabel
898 1091 941 1132 in
965 1090 1400 1143 epigrammatiseher
1431 1089 1642 1141 buendig-

213 1160 300 1200 keit
320 1159 660 1201 sehuurstraeks
684 1158 761 1200 auf
781 1159 849 1201 die
865 1160 1036 1211 witzige
1059 1159 1206 1211 pointe
1228 1158 1382 1210 loseilt,
1404 1158 1641 1200 waehrend

216 1228 310 1269 sich
344 1228 412 1269 die
445 1227 719 1280 Aesopisehe
754 1227 869 1270 fabe]
902 1228 945 1268 in
979 1228 1181 1280 episeher
1212 1227 1349 1269 breite
1381 1241 1433 1268 zu
1454 1227 1641 1279 ergehen

215 1296 320 1338 liebt
352 1321 408 1324 —
440 1297 584 1337 uirum
618 1296 795 1338 doctum
828 1297 911 1338 hoe
955 1297 1279 1349 exprompsisse
1318 1308 1458 1348 paene
1500 1296 1642 1337 inere-

217 1366 347 1407 dibile
381 1370 460 1417 est7
495 1366 572 1406 sed
607 1366 876 1418 exprompsit
909 1390 964 1394 —
987 1365 1132 1407 haben
1165 1365 1408 1418 diejenigen
1442 1364 1641 1416 erkannt,

215 1434 382 1476 welche
415 1434 480 1475 als
513 1447 758 1488 synonyma
791 1435 867 1476 der
901 1432 1009 1485 λόγοι
1042 1431 1316 1483 Συβαριτικοί
1344 1434 1412 1475 die
1444 1432 1644 1475 bezeich-

216 1516 332 1555 nung
386 1503 595 1553 Zvssckpna
639 1499 937 1555 ἐπιφθέγματα
989 1503 1287 1556 gebrauchten
1341 1527 1395 1531 —u
1450 1503 1646 1556 sequitur

218 1572 379 1615 Suidae
427 1572 530 1613 illud
578 1572 880 1614 testimonium
930 1573 1105 1614 omissis
1146 1571 1292 1613 uerbis
1335 1572 1541 1613 extremis
1574 1568 1646 1609 καί

219 1641 493 1693 Συβαριτικοί
525 1641 637 1693 λόγοι
669 1640 705 1680 οὶ
734 1640 961 1681 Almanam
995 1668 1050 1672 —
1083 1643 1411 1685 namen‘tlich
1444 1642 1551 1684 abet·
1571 1642 1647 1683 der

216 1724 317 1753 vom
353 1710 487 1752 schol.
509 1724 560 1751 zu
578 1711 653 1752 Ar.
679 1716 745 1753 vo.
771 1711 852 1752 471
880 1712 1048 1754 eitierte
1073 1712 1506 1754 komoediendiehter
1526 1711 1646 1752 Mne-

219 1779 456 1821 simaehos.
512 1778 577 1820 Ad
610 1779 737 1820 huius
772 1793 902 1833 quam
937 1794 1092 1833 parum
1127 1781 1405 1822 considerate
1439 1780 1645 1832 confuge-

218 1849 273 1889 rit
304 1848 605 1889 testimonium
638 1847 845 1889 breuibus
880 1849 985 1889 mihi
1018 1848 1255 1890 docebitur.
1306 1849 1456 1890 Totius
1489 1849 1646 1890 scholii

220 1916 539 1958 sententiarum
587 1928 725 1957 nexus
775 1916 811 1957 si
854 1917 954 1970 quid
998 1917 1126 1958 uideo
1160 1917 1230 1958 hie
1265 1920 1348 1957 est:
1400 1915 1645 1958 fabularum

220 1986 386 2028 alterae
435 1997 548 2038 quae
598 1986 650 2026 de
696 1986 960 2027 animalibus
1009 1987 1168 2027 mentis
1217 1985 1466 2038 expertibus
1500 1989 1644 2038 agant⁷

219 2058 436 2097 uocantur
468 2054 716 2107 Aesopeae,
768 2056 934 2097 alterae
979 2068 1092 2109 quae
1127 2056 1178 2096 de
1212 2053 1463 2096 hominibus
1497 2059 1643 2107 agant,

220 2124 516 2179 Sybaritieae3
558 2125 689 2165 etiam
706 2122 736 2178 ²)
771 2125 1052 2166 inueniuntur
1085 2125 1155 2178 qui
1190 2136 1265 2165 eas
1299 2123 1644 2178 Sybaritiearum

222 2218 278 2222 —
312 2206 414 2234 nam
456 2193 510 2234 ad
557 2191 652 2238 τούς
686 2195 856 2244 βραχεῖς
891 2192 962 2231 καί
997 2191 1223 2242 συντόμους
1257 2204 1354 2234 esse
1392 2192 1476 2230 τῶν
1507 2193 1646 2242 Συβα-

221 2260 390 2311 ριτικῶν
421 2259 526 2315 (non
546 2261 750 2302 uniuerse
784 2261 867 2299 τῶν
895 2260 1064 2315 μαθων)
1089 2265 1234 2302 mente
1257 2261 1505 2302 addendum
1529 2259 1647 2302 iubet

324 2393 347 2437 ι)
375 2393 541 2428 Profecto
569 2393 811 2439 Epicharmus
838 2393 933 2438 quod
961 2393 1081 2437 magis
1107 2393 1312 2428 delectatus
1339 2395 1396 2428 est
1413 2392 1510 2428 salse
1536 2392 1647 2427 dic-te-

222 2449 287 2483 riis
314 2452 348 2484 et
384 2450 591 2485 fabularum
627 2450 673 2484 iis
712 2462 804 2495 quae
831 2450 1073 2485 brevissimae
1100 2453 1215 2492 erant,
1254 2450 1340 2495 quid
1367 2449 1499 2484 mirum
1526 2451 1584 2484 est,
1608 2449 1644 2483 in

222 2505 367 2540 homine
394 2506 553 2541 Dorieo‘?

319 2562 346 2606 2)
373 2561 432 2596 Sic
458 2563 700 2608 pergendum;
728 2574 811 2597 nam
839 2562 929 2597 illud
951 2565 993 2599 δέ
1011 2565 1053 2597 ut
1077 2563 1136 2597 hic
1162 2575 1234 2597 non
1253 2555 1488 2597 aduersatiua
1507 2561 1569 2597 sed
1591 2573 1645 2596 co-

222 2621 398 2666 pulatiua,
451 2634 523 2666 qua
557 2634 692 2656 nouum
743 2622 829 2667 quid
865 2622 1079 2667 adiungitur
1117 2620 1364 2668 amplificandi
1406 2632 1517 2656 eausa
1554 2620 1645 2655 nihil

223 2677 405 2722 prioribus
431 2677 637 2724 opponitur,
678 2679 857 2713 habeatur
882 2678 1064 2724 permittit
1090 2678 1243 2714 uoculae
1270 2689 1369 2720 usus,
1396 2677 1560 2731 postulat
1577 2676 1646 2711 loci

221 2733 336 2768 totius
361 2734 465 2769 ratio.
