1937 3032
1051 186 1095 219 20

364 284 443 325 bus
477 285 599 336 graui
624 297 676 325 ac
696 283 895 336 prudenti
920 286 1144 335 totamque
1165 282 1256 323 eius
1275 283 1428 335 poesin
1448 284 1623 336 plenam
1649 284 1785 327 fuisse

363 353 451 394 111111
487 353 748 405 amorisque.
784 351 869 392 Sed
902 350 1131 392 Strabonis
1165 349 1310 392 uerbis
1343 351 1438 393 XIV
1471 365 1510 404 p.
1546 352 1646 404 438,
1691 354 1783 407 qui-

362 422 442 462 bus
478 421 750 474 Polycratem
784 424 1019 473 tyrannum
1052 418 1123 460 ille
1158 419 1302 460 multis
1346 420 1546 462 uersibus
1588 422 1783 474 tetigisse

362 490 555 539 traditur,
603 489 639 529 si
684 487 846 540 aliquid
885 487 1163 528 tribuendum
1198 491 1263 528 est
1297 488 1393 529 fidei
1411 487 1454 543 ¹),
1502 490 1545 529 in
1588 489 1784 532 Anacre-

362 558 475 599 ontis
517 557 709 610 reliquiis
755 556 911 597 saltem
953 556 1080 596 unius
1115 554 1302 607 fabulae,
1348 570 1434 610 qua
1468 561 1560 599 erat
1593 558 1783 612 antiqui-

363 631 428 666 tus
471 626 591 667 Sami
647 624 928 675 auctoritate,
980 624 1245 665 mentionem
1298 625 1386 666 iure
1437 627 1780 678 exspectaueris.

360 693 603 734 Nectamen
637 693 895 745 cuiusquam
930 703 1074 732 sermo
1109 692 1248 743 inagis
1283 696 1402 734 caret
1437 692 1682 735 fabularum
1705 707 1783 736 ue-

360 761 495 812 stigiis
529 773 660 813 quam
693 759 997 811 Anacreontis,
1033 760 1155 800 cuius
1190 764 1291 801 ante
1324 761 1464 813 ipsum
1489 761 1589 802 illuc
1617 762 1782 804 aduen—

360 834 449 870 tum
474 828 671 880 Aesopus
704 839 844 880 paene
868 827 1160 869 immortalem
1184 827 1239 868 ibi
1269 827 1425 870 fabulis
1449 831 1782 882 comparauisse

360 898 517 938 dicitur
549 897 735 938 laudem.

447 1013 709 1064 Theognidis
753 1013 796 1053 in
844 1012 990 1064 elegiis
1041 1012 1251 1064 Bergkius
1297 1013 1395 1056 hist.
1448 1013 1524 1055 litt.
1571 1014 1777 1057 Graec.I

358 1096 396 1135 p.
432 1077 519 1123 370
564 1081 736 1123 fabulas
782 1082 900 1133 tangi
943 1094 1030 1123 non
1072 1082 1243 1134 ignotas
1288 1082 1421 1137 (sicl)
1462 1082 1628 1126 fortiter
1661 1084 1772 1126 affir-

359 1152 507 1197 111111111,
543 1163 565 1192 e
599 1150 754 1203 quibus
788 1163 921 1191 unam
955 1150 1113 1191 uellem
1137 1151 1438 1202 significasset.
1475 1152 1579 1194 Mihi
1603 1154 1777 1207 quidem

358 1220 477 1261 nulla
509 1233 701 1272 unquam
737 1233 867 1272 quam
903 1220 1237 1261 accuratissime
1271 1232 1346 1261 eas
1379 1223 1671 1273 perscrutanti
1714 1222 1779 1264 fa-

359 1293 428 1329 cta
476 1288 606 1329 obuia
655 1292 731 1339 est,
782 1289 864 1329 nisi
912 1287 1033 1340 forte,
1086 1301 1195 1341 quas
1242 1289 1499 1330 animalium
1547 1295 1705 1332 natura
1739 1292 1778 1332 ei

357 1357 572 1409 praestitit
594 1356 752 1409 figuras
772 1362 814 1398 et
837 1358 1190 1410 comparationes
1214 1371 1283 1398 uu.
1309 1357 1408 1409 215,
1431 1358 1530 1409 293,
1556 1358 1642 1400 559
1668 1373 1777 1413 sqq„

357 1425 456 1475 347,
498 1424 596 1475 579,
645 1425 771 1477 1257,
818 1426 945 1477 1261,
993 1425 1121 1473 1266,
1169 1427 1225 1467 ad
1275 1424 1445 1467 fabulas
1485 1440 1573 1468 non
1605 1428 1778 1480 ignotas

357 1494 497 1534 redire
546 1493 628 1534 sibi
674 1495 905 1546 persuasit.
971 1494 1141 1536 Kellero
1191 1493 1339 1535 fabula
1387 1494 1523 1536 latere
1567 1496 1664 1538 uisa
1713 1501 1780 1538 est

356 1575 395 1602 11.
432 1562 516 1602 602
551 1575 577 1603 a
620 1561 788 1604 Sinteni
832 1567 874 1604 et
912 1563 1136 1614 Hartungo
1180 1563 1243 1602 sic
1287 1567 1564 1614 comparato:
1614 1564 1778 1616 ψυχρὸν

359 1625 405 1667 ὃν
435 1632 476 1668 ἐν
506 1628 644 1683 κόλπῳ
675 1629 862 1668 ποικίλον
892 1625 1002 1680 εἶχον
1030 1627 1134 1682 ὅφιν.
1200 1631 1361 1672 Verum
1402 1632 1600 1683 genuinis
1635 1633 1782 1676 uerbis

359 1696 522 1746 ψυχρὸν
564 1692 607 1743 ὂς
649 1696 690 1735 ἐν
730 1695 867 1750 κόλπῳ
908 1694 1099 1735 ποικίλον
1145 1691 1247 1746 εἶχες
1293 1693 1401 1748 ὅφιν,
1447 1711 1558 1751 quae
1601 1713 1778 1743 sensum

356 1765 567 1816 praebent
584 1766 693 1807 satis
728 1779 885 1807 sanum
919 1770 961 1806 et
982 1765 1200 1815 idoneum,
1252 1767 1559 1809 emendatores
1593 1768 1652 1810 illi
1690 1783 1779 1812 non

357 1835 548 1875 contenti
590 1838 746 1887 poetae
790 1834 983 1876 fabulam
1023 1835 1117 1875 ausi
1151 1839 1252 1875 sunt
1284 1835 1498 1887 imputare
1530 1848 1672 1890 neque
1705 1851 1781 1880 cu-

356 1907 516 1953 rantes,
564 1917 666 1944 num
710 1904 805 1956 ipsa
851 1915 903 1944 ea
946 1902 1095 1944 fabula
1141 1903 1194 1944 97
1236 1903 1300 1954 H.⁷
1351 1917 1483 1956 quam
1517 1905 1780 1957 spectabant

356 1983 573 2024 quamque
606 1972 680 2012 uix
711 1972 755 2012 in
789 1970 946 2012 fabulis
980 1983 1221 2022 numerem,
1257 1972 1344 2012 iam
1378 1977 1470 2013 tum
1493 1971 1645 2015 fuisset
1668 1976 1778 2017 satis

355 2043 471 2089 nota,
522 2052 661 2092 neque
704 2040 881 2092 experti,
933 2051 1072 2092 ecqua
1114 2040 1202 2081 iam
1246 2044 1334 2080 tum
1386 2039 1538 2082 fuisset
1585 2042 1778 2085 affinitas
1841 2070 1845 2074 ·

354 2108 603 2158 gnomicam
637 2109 749 2149 inter
780 2108 934 2161 poesin
968 2113 1010 2149 et
1045 2107 1229 2151 fabulas

445 2223 609 2265 Fabula
657 2225 843 2277 denique
891 2224 1008 2265 haud
1057 2224 1185 2265 dubie
1233 2224 1288 2266 ab
1337 2225 1644 2278 antiquissima
1692 2226 1779 2267 ori-

354 2292 496 2342 ginem
529 2293 661 2333 traxit
693 2293 877 2334 scolium
921 2292 976 2334 ab
1010 2292 1238 2334 Athenaeo
1271 2293 1348 2334 XV
1380 2306 1419 2345 p.
1456 2292 1590 2334 695A
1624 2305 1778 2335 serua—

356 2364 445 2400 tum
480 2361 563 2401 hoc
1531 2369 1536 2374 ’

456 2514 478 2557 ι)
505 2513 665 2548 Ν1η1111111
702 2514 838 2560 pressit
874 2514 942 2549 hoc
977 2514 1166 2550 Strabonis
1204 2515 1455 2550 testimonium
1492 2515 1675 2556 Flachius,
1715 2515 1779 2560 qui

354 2569 439 2603 hist.
476 2569 543 2614 lyr.
572 2570 698 2604 Graec.
736 2571 769 2604 ΙΙ
796 2583 829 2616 p.
858 2573 924 2607 525
959 2572 1026 2606 hoc
1050 2567 1162 2606 'nixus
1190 2571 1422 2617 Polycratem
1449 2571 1602 2606 consilia
1627 2571 1776 2618 publica

355 2638 436 2659 cum
464 2630 571 2671 poeta
596 2626 658 2660 illo
686 2627 975 2662 communicasse
1002 2628 1046 2662 ab
1074 2640 1187 2672 eoque
1214 2640 1258 2662 ne
1285 2628 1472 2663 crudelius
1489 2628 1685 2674 quicquam
1711 2628 1776 2663 im-

354 2682 616 2727 prudentiusue
644 2684 899 2725 committeret,
927 2685 1142 2720 deterritum
1170 2697 1278 2731 saepe
1305 2697 1385 2720 esse
1412 2685 1492 2720 uult
1517 2686 1680 2731 probare.
