1854 3017
979 111 1024 145 28

285 206 417 247 etiam
451 206 562 247 alias
596 210 726 258 atque
769 206 895 247 nobis
928 206 1118 248 Pindaro
1161 208 1339 260 eiusque
1373 207 1630 261 aequalibus
1663 213 1705 249 et

286 274 460 315 Hieroni
503 275 782 327 Syracusano
831 278 959 316 notas
1010 274 1143 316 fuisse
1191 275 1424 317 arbitretur
1471 275 1702 329 quispiam.

374 354 623 395 Huschkius
658 358 804 395 autem
838 355 953 408 quod
987 367 1175 408 sequens
1201 356 1335 405 κέρδει
1357 369 1397 396 u.
1424 354 1479 396 78
1503 355 1546 396 in
1566 354 1711 406 κερδοῖ

284 422 480 471 mutauit,
515 423 630 475 quod
664 421 950 464 libentissime
977 427 1236 476 receperunt
1258 424 1484 465 Dissenius
1508 427 1550 465 et
1573 423 1704 475 Berg—

282 491 390 540 kius⁷
440 502 594 531 uereor
640 503 693 532 ne
738 491 983 532 sententiae
1025 492 1443 546 suaegpraesidium
1489 491 1582 544 ipse
1620 490 1701 532 sibi

284 561 473 602 maxime
506 561 692 602 uoluerit
723 573 894 614 parare.
929 561 1042 603 Nam
1075 567 1383 615 praeterquam
1406 563 1521 616 quod
1543 574 1703 603 uocum

282 628 429 678 κερδοῖ
450 653 506 656 —-
537 628 761 678 κερδαλέον
789 630 914 682 quasi
948 629 1068 671 lusus
1089 630 1286 682 efficitur,
1321 631 1456 672 nihilo
1489 631 1582 684 ipse
1604 642 1704 672 sen-

281 709 355 736 sus
391 697 631 749 expeditior
664 697 725 748 fit3
762 696 955 739 fabulam
990 711 1094 740 uero
1119 699 1203 740 hac
1227 712 1314 740 una
1337 711 1446 741 uoce
1469 698 1703 751 significari

282 768 449 805 certam
483 766 632 818 ecquis
666 766 898 818 opinetur‘.>
931 767 1068 808 Immo
1102 768 1204 820 quia
1236 768 1402 809 nullam
1436 772 1603 809 certam
1639 766 1703 808 fa-

280 830 426 872 bulam
460 833 677 885 prioribus
711 834 910 876 uersibus
944 835 1127 877 subesse
1160 837 1439 889 perspicuum
1482 841 1560 883 est,
1611 848 1703 877 mo-

281 899 434 940 lestam
468 901 539 942 hic
574 914 671 943 esse
703 904 832 944 unius
864 903 998 957 liquet
1030 904 1287 957 uulpeculae
1311 905 1577 946 mentionem
1611 904 1704 958 plu-

280 968 359 1009 rali
394 965 626 1008 ἀλωπέκων
659 984 841 1014 numero
874 973 1054 1014 uixdum
1087 973 1401 1026 praeterlapso.
1436 973 1572 1014 —Ac
1605 985 1703 1014 uer-

279 1036 344 1077 bis
378 1050 446 1078 uu.
483 1037 540 1078 84
573 1053 650 1093 δᾳ,
686 1045 731 1081 ut
763 1046 937 1083 taceam
971 1043 1023 1083 de
1056 1042 1128 1084 illo
1163 1043 1321 1080 σαίνων
1352 1055 1391 1083 u.
1427 1041 1497 1093 82,
1531 1046 1701 1083 tantum

280 1105 406 1146 abest
439 1111 483 1147 ut
515 1108 649 1149 ullam
684 1122 783 1151 esse
817 1112 1126 1163 cognationem
1161 1124 1260 1152 cum
1289 1110 1447 1152 fabulis
1471 1115 1633 1164 putem,
1657 1115 1703 1152 ut

280 1174 320 1214 in
355 1175 619 1227 simplicium
654 1178 892 1230 imaginum
928 1191 1085 1231 genere
1119 1192 1171 1220 ea
1205 1179 1408 1229 habeam,
1450 1179 1605 1232 quibus
1639 1179 1703 1220 ui-

279 1242 435 1284 delicet.
468 1244 657 1287 hominis
692 1247 878 1299 impetus
912 1252 1042 1301 atque
1076 1248 1368 1300 intemperata
1389 1248 1457 1288 uis
1481 1260 1581 1289 cum
1602 1247 1702 1300 lupo

280 1313 558 1362 aggrediente
603 1319 644 1355 et
692 1315 884 1357 instante
925 1317 1157 1358 Homerico
1207 1328 1328 1357 more
1377 1321 1702 1369 comparantur.

282 1379 422 1433 Atque
464 1382 576 1424 adeo
616 1385 795 1425 omnino
839 1386 1085 1426 cauendum
1129 1390 1195 1426 est
1237 1397 1292 1426 ne
1332 1385 1427 1437 plus
1459 1385 1703 1426 tribuamus

283 1448 333 1489 iis
366 1449 522 1501 verbis.
559 1453 686 1504 quod.
723 1454 758 1493 si
792 1453 933 1506 uulpis
967 1455 1011 1494 in
1044 1453 1192 1495 fabula
1226 1453 1420 1506 partibus
1443 1467 1483 1494 u.
1508 1453 1561 1494 77
1585 1466 1705 1494 com—

285 1520 538 1560 memoratis
572 1520 660 1573 lupi
694 1521 765 1562 hic
799 1523 1013 1574 quasdam
1049 1535 1245 1574 opponas
1270 1526 1429 1574 partes,
1466 1522 1577 1564 mira
1601 1534 1705 1563 eua-

281 1586 352 1626 dat
387 1587 618 1630 difficultas
653 1591 967 1643 interpretandi
1000 1603 1154 1632 uersus
1187 1590 1256 1641 85,
1295 1603 1349 1632 ne
1374 1591 1517 1632 dicam
1546 1602 1703 1632 sensus

282 1655 528 1697 obscuritas
547 1656 587 1711 ¹).

370 1726 459 1767 Iam
495 1729 595 1781 quia
629 1729 868 1771 Pindarum
900 1742 983 1771 nec
1016 1731 1242 1782 ignorasse
1275 1742 1357 1771 nec
1385 1730 1587 1782 quamuis
1612 1728 1704 1770 obi-

281 1799 345 1835 ter
378 1800 419 1836 et
451 1797 655 1839 uniuerse
688 1799 731 1838 in
766 1799 1034 1839 carminibus
1068 1804 1247 1850 tangere
1284 1797 1508 1839 dubitasse
1534 1796 1702 1838 fabulas

282 1870 559 1916 perspectum
603 1871 681 1907 est.
733 1868 784 1908 de
831 1867 927 1908 aliis
967 1867 1184 1909 nonnullis
1219 1867 1311 1908 eius
1344 1866 1453 1908 locis
1487 1870 1702 1919 quatenus

281 1944 379 1972 cum
416 1933 572 1976 sabulis
607 1936 875 1978 cohaereant
909 1937 1252 1978 examinandum
1274 1940 1351 1977 est.
1386 1935 1527 1988 Atque
1547 1933 1700 1980 Ol.11,

284 2000 336 2040 19
370 2014 461 2054 sqq.
494 2004 813 2054 prouerbialem
857 2005 946 2046 iani
978 2009 1069 2054 tum
1102 2008 1388 2056 peruagatam
1421 2003 1700 2045 locutionem.

281 2080 410 2119 quam
446 2069 562 2111 Suet.
598 2072 727 2124 Vesp.
765 2073 818 2113 16
853 2077 1054 2125 spectare
1089 2073 1382 2114 certissimum
1406 2076 1483 2122 est,
1519 2070 1701 2112 subesse

283 2138 503 2180 lssoeckhio
538 2145 601 2180 est
636 2141 928 2192 largiendum;
981 2146 1022 2182 et
1056 2141 1141 2183 fal).
1179 2141 1262 2182 149
1297 2141 1345 2181 H.
1382 2140 1534 2181 eadem
1570 2143 1701 2192 atque

279 2256 438 2288 testatur
464 2255 688 2291 Themistius
715 2259 805 2292 orat.
834 2257 937 2291 XXII
964 2270 997 2303 p.
1014 2260 1081 2293 277
1110 2257 1232 2292 uerbis
1252 2257 1325 2292 iam
1352 2257 1396 2291 ab
1416 2255 1607 2291 Huschkio
1625 2255 1701 2290 lau-

280 2310 376 2344 datis
403 2311 459 2345 his
493 2316 669 2350 Αἰσώπου
698 2316 736 2350 δὲ
780 2321 838 2350 1οὐ
856 2321 1068 2362 μυθοποιοῦ
1095 2316 1254 2361 πολλαχῆ
1281 2329 1313 2350 τε
1349 2317 1431 2363 ἄλλῃ
1456 2316 1701 2362 Ιιιιίήιιοικέυἰειν

281 2380 377 2418 frum]
389 2377 462 2412 5233
489 2380 544 2409 καὶ
576 2376 643 2409 ὅσα
669 2380 720 2414 εἰς
747 2377 918 2421 (basolcas
944 2375 982 2411 εὖ
1011 2379 1138 2422 ἔχοντα
1171 2378 1424 2413 ἀπολέλοιπεν.
1453 2378 1506 2410 ds}
1533 2377 1604 2421 μὲι·
1630 2378 1700 2421 γὰρ

279 2436 385 2477 adrev
412 2434 452 2482 τῇ
480 2437 638 2471 [aluisum
670 2443 872 2483 περιτίθησι
905 2441 972 2474 κτλ.
1006 2453 1009 2456 ’

381 2498 404 2541 ¹)
432 2498 596 2539 Quantas
623 2499 812 2534 molestias
838 2500 950 2534 uerba
979 2499 1042 2534 illa
1069 2498 1214 2544 pariant
1240 2499 1284 2540 ci,
1311 2499 1474 2543 quicum
1493 2498 1699 2533 fabularum

280 2553 419 2587 ratione
448 2567 489 2588 ea
516 2555 712 2589 conciliare
739 2557 873 2596 studet,
902 2568 947 2590 ex
974 2555 1150 2590 Boeckhii
1177 2556 1253 2598 (not
1280 2555 1359 2589 crit.
1376 2555 1420 2589 ad
1442 2555 1475 2589 h.
1498 2554 1536 2598 l.)
1564 2557 1600 2589 et:
1619 2553 1699 2588 Dis-

280 2610 357 2643 scni
386 2611 454 2653 (ed.
486 2612 513 2644 Il
542 2624 575 2656 p.
605 2614 686 2655 216)
714 2612 907 2646 laboriosis
934 2612 1130 2657 intellegas
1156 2611 1474 2657 explicationibus.
