1854 3017
1019 225 1062 260 38

331 329 441 365 teste
473 324 516 364 in
549 324 634 365 ista
666 322 893 375 probanda
925 334 972 363 re
1004 322 1260 364 Dresselius.
1312 321 1446 364 Cuius
1478 321 1616 364 uerba
1648 334 1672 363 e
1703 333 1751 364 re

331 394 410 434 erit
443 393 537 445 ipsa
571 392 739 442 afferre,
774 396 821 432 ut
853 404 984 444 quam
1018 391 1344 433 inconsiderate
1377 391 1463 432 sint
1495 391 1613 432 dicta
1645 389 1753 432 saci-

329 460 411 501 lius
446 464 670 513 appareat.
705 459 831 512 Apud
864 472 993 512 quem
1027 459 1184 511 legitur
1214 472 1252 512 p.
1287 459 1361 500 27:
1397 460 1468 500 ein
1499 459 1583 500 wie
1616 458 1752 500 wich-

330 529 450 581 tiges,
486 529 602 569 nach
634 528 953 580 Aristophanes
987 540 1055 568 au.
1091 527 1178 568 470
1199 527 1541 569 unerlassliches
1564 527 1754 569 element

330 598 398 638 die
440 597 700 649 aesopische
746 595 861 637 sabel
909 596 953 636 in
998 596 1074 636 der
1111 595 1511 648 jugenderziehung
1553 595 1625 636 bei
1667 595 1752 637 den

329 665 551 706 Athenern
583 678 689 716 war⁷
741 664 932 706 dariiber
964 664 1145 705 handelt
1176 663 1300 705 Plato
1332 676 1420 716 rep.
1455 664 1496 705 ΙΙ
1526 677 1567 716 p.
1602 662 1750 704 377A.

328 733 453 774 Nach
477 723 976 775 den‘ammenmarchen
1001 731 1161 783 folgten
1185 731 1425 772 erdichtete
1445 731 1752 784 erzahlungen,

328 801 495 843 welche
528 802 656 843 einen
689 800 937 842 lehrhaften
971 801 1077 842 kern
1109 799 1274 852 bargen
1333 797 1470 853 (τοῦτο
1503 796 1558 846 ὠς
1588 796 1753 838 1138on

331 868 459 907 «εἰπεῖν
490 868 654 916 ψεῦδος,
685 865 746 908 ἔνι
776 867 821 907 δὲ
851 866 924 906 καί
955 865 1101 920 α’ληθῆ
1123 891 1179 896 -
1203 868 1270 909 his
1304 868 1510 908 nimirum
1543 867 1754 920 apologos

329 948 355 977 a
388 936 570 977 Platone
612 935 850 988 significari
880 935 951 976 ille
984 936 1188 988 opinatus
1222 934 1327 990 est),
1361 936 1450 976 und
1478 935 1670 977 bildeten
1703 947 1752 978 so

329 1005 456 1046 einen
512 1005 763 1058 passenden
810 1003 1033 1055 iibergang
1079 1017 1132 1045 zu
1185 1004 1270 1045 den
1317 1004 1412 1045 rein
1457 1003 1754 1045 belehrenden

327 1077 571 1126 vortragen.
607 1072 784 1124 Quanta
815 1084 886 1113 res
920 1085 1053 1125 quam
1075 1071 1282 1114 breuibus
1305 1071 1509 1114 absoluta
1532 1076 1599 1113 est
1621 1071 1750 1114 Dres-

328 1141 435 1183 selio
467 1141 633 1183 uerbis!
699 1141 876 1183 Utinam
907 1140 1133 1193 paululum
1167 1140 1575 1193 circumspexisset!
1639 1140 1753 1182 Nam

328 1223 412 1263 quo
447 1210 596 1251 ualeat
628 1214 928 1263 quantumque
960 1213 1112 1262 pateat
1142 1209 1339 1251 Platonis
1373 1209 1444 1250 hic
1489 1221 1578 1251 uox
1617 1208 1753 1258 μῦθος

328 1283 393 1320 est
412 1279 724 1332 quaerendum.
761 1278 811 1319 Et
828 1277 1067 1330 perlegenti
1088 1278 1264 1331 quidem
1281 1282 1422 1320 totum
1444 1278 1591 1319 locum
1614 1287 1753 1330 usque

328 1348 383 1389 ad
414 1361 454 1400 p.
489 1347 574 1388 379
609 1346 787 1388 dubium
827 1360 915 1388 non
957 1348 1050 1398 erit,
1103 1347 1207 1400 quin
1249 1346 1304 1388 ab
1347 1345 1580 1388 infantium
1622 1345 1753 1387 disci-

327 1416 445 1469 plina
478 1415 750 1457 excludenda
781 1415 907 1457 Plato
941 1420 1122 1457 censeat
1154 1412 1314 1463 μύθους
1346 1415 1440 1457 siue
1473 1414 1751 1456 narrationes

328 1486 380 1526 de
415 1485 479 1526 dis
514 1489 556 1526 et
588 1484 794 1526 heroibus
828 1483 884 1525 ab
917 1484 1108 1526 Hesiodo
1141 1484 1333 1525 Homero
1367 1483 1462 1525 aliis
1490 1484 1630 1536 poetis
1662 1487 1753 1524 tra-

327 1554 440 1595 ditas
475 1566 563 1605 eas,
599 1553 755 1607 quibus
788 1553 924 1606 impia
957 1565 1010 1594 ac
1043 1565 1198 1605 parum
1237 1552 1426 1594 honesta
1459 1550 1660 1594 facinora
1692 1550 1753 1592 illi

327 1623 516 1664 edidisse
548 1626 795 1673 narrantur,
830 1620 955 1662 fictas
988 1621 1184 1662 maxima
1217 1633 1271 1662 ex
1302 1624 1442 1673 parte,
1482 1632 1538 1662 ne
1569 1619 1752 1673 puerulo

327 1690 458 1732 liceat
486 1691 631 1732 dicere
674 1684 741 1737 ὠς,
783 1694 831 1731 ut
860 1689 1059 1731 Platonis
1092 1694 1191 1731 utar
1222 1689 1369 1731 uerbis
1402 1688 1488 1730 378
1504 1689 1552 1740 B,
1600 1685 1752 1726 ἀδικῶν

327 1757 377 1797 τὰ
406 1755 563 1808 ἔσχατα
594 1755 712 1796 οὐδὲν
740 1753 789 1795 ἂν
820 1756 1069 1806 θαυμαστὸν
1097 1753 1325 1795 ποιοῖοὐι)“’
1343 1750 1396 1795 αὖ
1419 1754 1644 1796 α’δικοῦντα
1671 1770 1752 1793 πα-

327 1823 429 1876 τέρα
469 1823 656 1873 κολάζων
700 1822 828 1863 παντί
864 1825 1017 1877 τρόπῳ,
1062 1821 1170 1862 ἀλλὰ
1207 1822 1316 1878 ὁρῴη
1356 1820 1404 1863 ἂν
1441 1820 1541 1874 ὅπερ
1575 1822 1683 1861 θεῶν
1713 1818 1750 1860 οἱ

327 1891 482 1942 πρῶτοι
515 1890 587 1930 καί
613 1891 815 1943 μέγιστοι.
845 1891 909 1933 Ac
942 1904 998 1933 ne
1030 1892 1203 1933 silentio
1237 1892 1411 1945 quidem
1445 1892 1506 1933 eis
1534 1890 1751 1932 narratio-

326 1959 466 2011 nibus,
502 1973 611 2013 quas
638 1961 832 2002 studiose
857 1960 1154 2018 excludendas
1178 1972 1201 2002 e
1222 1959 1376 2013 puerili
1400 1959 1631 2013 disciplina
1653 1970 1751 2000 esse

326 2025 450 2070 Plato
482 2026 724 2082 praecepit,
768 2029 976 2082 apologos
1019 2030 1090 2071 hic
1135 2030 1296 2082 opponi
1343 2029 1416 2082 qui
1448 2041 1601 2071 eorum
1634 2027 1750 2081 apud

327 2095 520 2138 Graecos
554 2097 784 2150 diligentur
816 2099 1062 2151 explorauit
1104 2098 1410 2140 condicionem
1449 2096 1577 2139 debet
1608 2096 1751 2150 suspi-

327 2166 430 2206 cari.
494 2165 585 2207 Nec
634 2168 772 2219 magis
814 2167 867 2209 de
907 2168 959 2209 iis
1002 2167 1283 2220 cogitandum
1326 2170 1393 2208 est
1433 2165 1593 2218 legenti
1634 2165 1750 2218 apud

326 2234 511 2275 eundem
534 2247 622 2287 rep.
647 2235 662 2276 I
686 2250 726 2289 p.
749 2235 879 2278 35OE
914 2234 991 2287 ἐγώ
1022 2233 1067 2274 δέ
1091 2250 1157 2275 σοι
1188 2231 1320 2286 ‹signer›
1344 2238 1438 2281 ταῖς
1466 2231 1625 2286 γραυσί
1654 2238 1748 2278 ταῖς

327 2301 422 2348 τοῦς
458 2295 617 2350 μύθους
660 2301 888 2354 λέγοὺσαις,
932 2299 1010 2343 εἷεν
1047 2304 1131 2354 ἐρῶ
1171 2306 1244 2342 κτλ,
1285 2308 1327 2346 et
1367 2301 1494 2354 Gorg.
1542 2314 1582 2354 p.
1617 2299 1750 2342 527Α

327 2366 429 2418 τάχα
472 2361 582 2408 δὀῧν
613 2370 745 2409 ταῦτα
783 2369 923 2420 μῖθός
962 2385 1027 2410 σοι
1072 2371 1192 2410 δοκεῖ
1214 2369 1410 2423 λέγεσθαι
1447 2365 1582 2420 ὥςπερ
1605 2366 1747 2422 γραός.

327 2435 577 2478 Tacendum
611 2438 740 2490 plane
773 2439 826 2480 de
859 2439 1036 2481 Theaet.
1071 2452 1110 2492 p.
1148 2438 1289 2482 1763.

415 2503 729 2546 Verumtamen
771 2507 904 2547 etiam
948 2507 1063 2560 apud
1095 2507 1325 2549 Platonem
1358 2506 1490 2549 obuia
1523 2505 1568 2547 fit
1600 2504 1750 2548 fabula

327 2582 379 2611 ea
412 2571 615 2613 nimirum
649 2574 691 2614 in
724 2586 783 2625 re,
819 2575 888 2615 cui
920 2579 1011 2616 tum
1045 2575 1127 2616 soli
1159 2576 1414 2617 inseruiisse
1446 2574 1567 2616 illam
1601 2574 1749 2627 cogni-

326 2642 416 2679 tum
451 2644 527 2682 est.
552 2640 823 2683 Alcibiadem
845 2643 1019 2696 quidem
1038 2644 1490 2686 Lacedaemoniorum
1513 2643 1747 2685 auaritiam

327 2707 689 2760 perstringentem
720 2710 787 2751 his
821 2709 927 2752 facit
964 2711 1035 2752 ille
1069 2709 1227 2765 (Alcib.
1263 2712 1277 2753 I
1310 2725 1349 2765 p.
1387 2710 1545 2766 123A)
1578 2711 1745 2753 uerbis:
