1937 3032
859 190 879 223 9

159 296 343 337 quarum
376 285 432 325 ad
465 284 649 326 alteram
683 284 899 337 pertinere
933 282 981 325 fr.
1016 283 1190 324 86—88
1226 282 1383 337 ‹'ng.r)
1427 284 1482 324 ad
1517 283 1578 324 al-

158 357 299 394 teram
333 351 382 393 fr.
417 351 472 393 89
506 353 721 394 dixerunt.
757 352 917 394 Parum
953 364 1028 393 eos
1060 364 1244 404 sagaces
1279 350 1413 392 fuisse
1447 364 1582 404 appa-

160 420 280 463 rebit..
316 420 407 462 Iam
441 419 633 462 fabulam
668 422 720 463 de
753 421 899 474 aquila
933 426 972 461 et
1006 420 1147 472 uulpe.
1183 420 1239 461 ad
1272 432 1403 472 quam
1437 420 1580 472 priora

160 487 402 541 fragmenta
435 489 685 541 respiciunt,
721 489 876 543 quibus
912 488 959 530 fr.
998 487 1124 542 1261)
1158 501 1256 530 cum
1290 488 1471 540 Bergkio
1506 488 1582 529 ad—

158 557 375 606 sciuerim,
426 557 528 609 quin
569 557 858 599 Archilochus
903 570 929 599 a
970 562 1109 609 gente,
1160 557 1271 597 inter
1309 569 1439 610 quam
1475 560 1579 597 erat.

159 625 377 677 acceperit
394 637 523 667 nemo
548 625 761 667 dubitabit
783 627 854 679 qui
878 625 1110 667 uerberum
1131 620 1246 670 αἰνός
1262 639 1324 670 τις
1344 621 1582 673 ἀνθρώπων

159 690 225 730 ὅδε
254 705 432 735 sensum
467 707 517 735 ac
539 696 707 746 pondus
730 695 955 736 moderate
978 694 1266 747 perpenderit.
1302 693 1442 743 Quam
1467 691 1581 744 quod

157 761 474 815 Aristophanes
507 763 667 815 Aesopi
701 775 798 805 esse
833 776 898 804 au.
933 763 1013 804 651
1043 763 1157 807 dicit,
1192 762 1342 803 nescio
1365 773 1421 801 an
1445 762 1581 800 maio-

157 831 216 872 ris
249 831 304 872 sit
336 832 542 873 momenti
576 845 706 885 quam
741 833 882 873 adhuc
917 831 1188 873 credebatur.
1225 830 1309 872 Sed
1344 830 1427 870 hac
1451 828 1503 869 de
1535 840 1582 868 re

158 898 271 940 infra
304 900 383 941 erit
417 900 662 941 dicendum.
696 900 846 953 Neque
880 900 1062 941 alteram
1098 899 1305 945 fabulam,
1341 909 1452 950 quae
1477 909 1583 949 qua-

158 979 260 1008 cum
293 980 458 1019 earum,
493 981 602 1021 quas
632 968 849 1017 nouimus,
885 969 940 1009 sit
973 967 1250 1009 concilianda
1285 965 1473 1006 discerni
1508 976 1582 1004 ne-

159 1037 250 1089 quit
282 1041 323 1078 et
355 1037 453 1078 ideo
487 1050 586 1078 cum
620 1036 842 1077 Huschkio
877 1041 918 1077 et
952 1036 1135 1087 Bergkio
1169 1034 1250 1079 (ad
1283 1034 1323 1074 h.
1358 1033 1408 1086 l.)
1443 1033 1583 1073 disce-

157 1110 282 1158 ptare
320 1105 694 1158 supersedendum
737 1110 815 1155 est⁷
864 1109 908 1145 ut
952 1117 978 1145 a
1021 1108 1148 1156 poeta
1182 1102 1475 1154 excogitatam
1509 1105 1581 1142 aut

159 1173 333 1215 aliunde
372 1173 550 1215 allatam
591 1186 643 1214 ac
686 1186 773 1215 non
811 1174 954 1226 potius
989 1173 1128 1225 ipsam
1163 1182 1333 1224 quoque
1369 1163 1482 1206 αἶνον
1514 1167 1584 1206 u’v·

160 1240 341 1291 θρώπων
374 1242 654 1295 popularibus
687 1243 775 1283 iam
809 1243 880 1283 diu
914 1246 1062 1283 notum
1097 1246 1296 1293 putemus
1331 1237 1417 1279 ullo
1453 1237 1580 1278 huius

158 1309 329 1352 frustuli
362 1323 590 1352 monemur
622 1309 802 1356 uerbo²)

257 1442 282 1488 ¹)
308 1442 476 1477 Nondum
504 1441 742 1488 probabiliter
768 1441 982 1476 restitutum
1010 1440 1178 1485 equidem
1205 1451 1335 1474 censeo
1363 1450 1443 1473 esse
1458 1438 1493 1472 id
1512 1437 1582 1471 fra-

157 1502 358 1545 gmentum.
384 1499 534 1534 Etenim
561 1511 643 1533 cum
658 1498 806 1544 plenum
823 1497 1054 1532 enuntiatum
1075 1496 1328 1531 emendatores
1349 1495 1407 1529 uel
1433 1506 1582 1529 sensum

157 1569 222 1604 per
255 1568 294 1592 se
326 1556 476 1602 planum
511 1555 546 1590 in
584 1556 649 1590 hoc
685 1555 867 1590 uersiculo
904 1554 1001 1589 effici
1038 1556 1204 1600 oportere
1240 1553 1363 1587 nescio
1397 1563 1467 1596 qua
1494 1551 1581 1585 moti

158 1625 269 1649 causa
296 1615 562 1653 autumassent,
590 1613 718 1647 cedere
745 1615 882 1646 temere
909 1611 1097 1646 iusserunt
1124 1611 1212 1645 illud
1241 1613 1345 1653 (ιιίιῷ,
1380 1621 1450 1654 quo
1476 1608 1580 1654 pulso

159 1673 387 1720 amplissima
413 1673 618 1708 coniciendi
643 1673 688 1708 iis
715 1675 925 1718 comparata
952 1675 1007 1706 est
1033 1671 1193 1706 licentia.
1246 1670 1315 1704 Sed
1346 1670 1472 1715 quidni
1499 1669 1582 1704 sim-

156 1730 307 1776 pliciore
325 1730 535 1765 medeamur
554 1730 696 1764 ratione
715 1730 923 1773 fragmento
949 1728 1003 1762 illi
1030 1727 1221 1762 scribendo
1248 1735 1362 1775 πυρὸς
1390 1730 1461 1762 δ’ἐν
1487 1730 1580 1773 αι’-τῷ

158 1793 334 1837 qemeina
359 1793 401 1826 ut
419 1792 601 1826 referatur
613 1790 704 1825 illud
723 1793 813 1837 αὐτῷ
841 1789 885 1824 ad
912 1800 1039 1823 uocem
1065 1799 1158 1832 quae
1184 1787 1429 1833 praecessisse
1457 1786 1582 1821 existi-

158 1851 291 1886 manda
318 1854 375 1887 est
400 1857 623 1900 σπλάγχνον,
651 1863 760 1896 quam
788 1851 899 1885 etiam
926 1852 1111 1884 seruatam
1139 1849 1251 1884 habes
1278 1848 1315 1882 in
1342 1848 1503 1894 pedestri
1529 1848 1579 1882 fa-

158 1911 264 1946 bulae
289 1911 399 1947 huius
421 1912 631 1947 narratione
666 1912 758 1956 (fab.
786 1912 916 1956 Aesop.
957 1914 988 1946 6.
1028 1910 1082 1945 ed.
1119 1909 1272 1953 Halm).
1312 1908 1481 1943 Ceterum
1517 1908 1582 1943 Ed.

158 1968 373 2004 Wfflfflinus
399 1969 516 2013 (Mus.
532 1968 647 2003 Rhen.
662 1968 819 2002 XXXIX
846 1968 924 2011 156)
951 1966 1176 2002 assentiente
1192 1965 1330 2000 Hillero
1358 1966 1477 2009 (Burs.
1498 1977 1580 1999 ann.

162 2025 251 2061 1886
277 2024 349 2060 uol.
375 2026 442 2071 46)
469 2026 513 2060 fr.
541 2026 585 2061 86
612 2025 759 2060 initium
785 2023 960 2059 carminis
987 2035 1057 2057 non
1085 2034 1164 2057 esse
1191 2022 1398 2057 habendum
1417 2021 1580 2067 probabi-

158 2080 255 2116 libus
280 2082 441 2116 ostendit
467 2082 599 2117 causis.
626 2081 846 2116 Archilocho
873 2092 977 2126 porro
1007 2079 1226 2114 uindicanda
1264 2082 1300 2113 et
1326 2090 1406 2112 cum
1434 2079 1476 2112 fr.
1505 2078 1582 2112 eius

159 2139 205 2174 88
231 2137 404 2173 socianda
431 2138 606 2173 Aristidis
633 2149 713 2172 esse
741 2137 852 2172 uerba
879 2136 912 2170 II
938 2149 972 2182 p.
988 2139 1030 2173 51
1060 2136 1185 2180 (Ddf.)
1213 2147 1233 2170 a
1259 2134 1460 2169 scholiasta
1478 2134 1583 2168 Euri-

159 2193 235 2240 pidi
259 2193 397 2228 tributa
424 2196 515 2234 Ζι-ὐς
541 2203 581 2230 fr
607 2202 727 2230 (noim
753 2197 883 2242 μάνης
920 2195 1183 2232 &aemil-‘armos‘
1209 2196 1246 2228 et
1272 2197 1327 2227 καὶ
1356 2197 1451 2231 τέλος
1479 2194 1582 2230 adros-

161 2260 234 2302 ἔχει
253 2254 462 2301 nuperrime
475 2255 643 2290 Blassius
658 2254 858 2299 (Fleckeis.
874 2266 956 2289 ann.
973 2253 1122 2288 CXXIX
1138 2253 1229 2295 496)
1257 2251 1435 2297 probauit.
1451 2250 1579 2286 Audio.

161 2314 230 2350 Sed
255 2314 292 2350 in
319 2316 446 2351 eodem
472 2317 584 2363 epodo
611 2328 653 2351 ea
680 2316 794 2351 fuisse
821 2319 931 2361 atque
955 2315 998 2349 fr.
1025 2316 1069 2350 88
1097 2313 1155 2348 uel
1182 2316 1329 2359 propter
1347 2324 1580 2346 numerorum

161 2371 414 2408 diuersitatem
440 2385 529 2408 caue
555 2376 672 2420 putes.

259 2446 286 2492 ²)
312 2448 577 2489 Bucholtzium.
598 2449 665 2494 qui
693 2449 786 2483 Mus.
814 2448 929 2483 Rhen.
957 2447 1114 2482 XXVIII
1144 2447 1209 2482 176
1237 2457 1315 2490 sqq.
1344 2445 1387 2480 de
1414 2445 1481 2480 hac
1519 2446 1582 2479 Ar-

162 2502 318 2539 chilochi
343 2504 468 2539 fabula
494 2504 903 2540 commentatiunculam
931 2503 1081 2548 cognitu
1108 2514 1196 2537 sane
1223 2502 1352 2536 utilem
1389 2504 1425 2536 et
1458 2502 1581 2536 iucun-

162 2558 244 2594 dam
277 2559 401 2601 edidit,
437 2572 508 2595 non
540 2554 640 2596 recta
675 2564 762 2607 puto
800 2561 1003 2607 profectum
1041 2571 1120 2594 esse
1148 2559 1192 2593 ab
1219 2558 1404 2604 opinione:
1445 2558 1581 2592 Halmii

162 2619 261 2651 certo
298 2628 379 2652 esse
412 2617 575 2652 fabulam
609 2621 654 2654 44
688 2629 796 2663 quam
833 2617 899 2652 hoc
936 2616 1141 2651 narrauerit
1167 2615 1281 2661 epodo
1308 2617 1425 2660 poeta.
1468 2614 1579 2649 Cuius

161 2672 281 2717 gratia
295 2674 501 2709 sententiae
518 2686 664 2710 uersum
686 2676 706 2710 3
722 2674 850 2709 illesic
876 2673 1035 2709 mutauit
1063 2680 1196 2721 θηρίων
1223 2676 1365 2720 (ἱρχός
1392 2678 1580 2719 κριθείς.
