1937 3032
1019 179 1063 214 24

331 276 515 324 primum
550 276 664 327 apud
698 274 910 316 barbaros
944 275 1030 315 illic
1066 274 1237 317 fabulas
1278 276 1553 327 audiuerant,
1603 280 1649 317 ut
1682 288 1753 318 ce-

331 347 420 383 tera
456 354 567 395 (10110
602 343 656 383 ad
690 343 807 383 uitae
842 343 1005 384 cultum
1028 344 1308 396 pertinebant
1330 344 1467 385 multa,
1490 344 1545 385 ab
1569 344 1652 386 illis
1675 357 1753 387 seu

329 411 517 451 scientes
551 422 629 451 seu
663 411 799 451 nescii
833 411 1124 464 accipiebant⁷
1160 412 1227 453 his
1261 412 1316 453 ab
1349 412 1470 453 initio
1498 412 1664 453 aditum
1697 413 1753 454 ad

329 492 376 520 sc
411 491 570 530 negare
604 492 691 520 non
724 480 921 531 potuisse
954 481 1233 532 perspicuum
1269 486 1346 522 est.

419 617 584 667 Quibus
628 617 837 669 expositis
878 630 992 658 nunc
1027 619 1202 659 demum
1236 620 1501 671 pergendum
1536 630 1633 660 esse
1666 619 1756 660 exi-

332 686 461 726 stimo
496 686 550 725 ud
584 686 807 738 sequentis
842 686 998 726 aetatis
1034 685 1279 727 fabularum
1317 687 1611 739 indagandam
1653 700 1757 728 con-

332 755 546 794 ‹li‹-i‹mem
583 758 624 794 et
657 766 797 794 usum.
841 754 980 807 Atque
1015 755 1191 795 Pindari
1225 755 1347 807 Pyth.
1384 756 1483 805 272
1518 754 1756 810 (Boeckh.)

333 822 524 863 fabulum
562 822 812 863 Archilochi
847 823 899 863 de
941 822 1069 875 uulpe
1107 828 1148 866 et
1173 824 1302 864 simia
1327 824 1562 875 significari
1586 825 1757 866 Husch-

332 891 426 931 kius
473 891 511 930 in
548 894 780 931 comment.
825 904 957 943 supra
992 891 1170 932 laudata
1203 891 1400 943 plurimis
1436 893 1755 934 demonstrauit

327 959 486 1000 uerbis.
525 958 658 999 Cuius
693 963 952 1009 argumenta
986 972 1252 1014 quamquam
1288 960 1381 1012 ipse
1416 960 1666 1002 Boeckhius
1700 962 1755 1002 ad

330 1028 369 1068 h.
406 1028 429 1068 l.
466 1027 642 1079 copioso
676 1028 761 1068 iam
797 1026 1053 1082 dissoluit¹)‚
1097 1028 1475 1070 nonnullatamen
1509 1029 1561 1070 de
1595 1033 1757 1070 conatu

333 1096 446 1137 illius
501 1108 744 1148 sanequam
793 1096 994 1148 specioso
1044 1096 1230 1137 dicenda
1287 1096 1441 1137 relicta
1490 1101 1591 1138 sunt
1639 1097 1755 1138 mihi.

328 1165 524 1205 Primum
561 1165 677 1205 enim
714 1165 961 1205 Huschkius
996 1165 1109 1218 quod
1143 1165 1248 1206 dicit
1280 1177 1390 1206 uoce
1429 1163 1579 1214 μαθών
1611 1177 1759 1207 exem-

333 1234 451 1286 plum
485 1234 720 1284 significari
755 1234 869 1273 simii
904 1234 947 1273 in
981 1245 1079 1274 eam
1104 1233 1352 1285 opinionem
1378 1234 1567 1284 adducti,
1601 1238 1647 1274 ut
1666 1233 1760 1286 pul-

336 1303 487 1343 chrum
522 1315 568 1343 se
603 1306 644 1343 et
676 1302 862 1343 honesto
896 1302 992 1344 loco
1031 1306 1181 1343 natum
1226 1303 1390 1343 animal
1436 1302 1630 1354 haberet,
1679 1302 1757 1344 sed

330 1370 515 1410 ludibria
550 1370 748 1411 debentis
784 1370 1039 1422 uulpeculae
1074 1370 1304 1411 adulatrici
1344 1375 1383 1411 et
1419 1370 1754 1411 calumniatricb

334 1438 447 1490 quod
498 1451 523 1478 a
564 1438 710 1490 pueris
760 1450 934 1490 semper
982 1438 1224 1480 celebretur
1268 1443 1398 1492 atque
1433 1439 1543 1480 adeo
1577 1439 1756 1480 Hieroni

335 1519 505 1559 quoque
541 1519 593 1547 ex
628 1506 858 1559 disciplina
890 1507 1042 1559 puerili
1072 1510 1222 1548 notum
1247 1507 1322 1547 sit:
1361 1506 1531 1548 fabulas
1554 1507 1642 1548 iam
1664 1510 1756 1547 tum

332 1576 476 1626 pueris
521 1576 563 1615 in
609 1576 834 1616 doctrinae
882 1575 1108 1617 elementis
1146 1576 1258 1617 tradi
1292 1575 1443 1617 solitas
1477 1587 1574 1617 esse
1608 1580 1754 1617 osten—

331 1643 433 1684 dere
469 1644 532 1684 uel
570 1644 717 1684 omisit
747 1644 818 1684 uel
850 1644 994 1696 potius
1027 1657 1114 1685 non
1147 1644 1298 1696 potuit.
1334 1643 1452 1684 Idem
1476 1644 1532 1685 ad
1557 1642 1749 1686 fabulam

328 1712 547 1763 quandam
592 1712 646 1752 ab
690 1712 957 1754 Archilocho
1000 1717 1257 1766 usurpatam
1307 1713 1374 1753 his
1423 1713 1622 1754 revocari
1670 1726 1750 1754 nos

327 1780 561 1831 contendit,
617 1793 729 1833 quae
767 1781 907 1833 qualis
942 1780 1070 1822 fuerit
1103 1794 1155 1822 ex
1188 1781 1456 1822 tenuissimis
1491 1781 1583 1822 0105
1617 1781 1750 1822 initiis

327 1861 380 1889 ne
414 1853 532 1889 certo
576 1850 749 1902 quidem
793 1850 894 1890 sciri
936 1862 1066 1901 posse
1109 1863 1241 1902 supra
1285 1863 1325 1902 p.
1370 1849 1395 1890 8
1430 1849 1589 1891 dictum
1624 1849 1750 1891 nobis

328 1922 404 1957 est.
460 1917 523 1958 Ad
558 1922 726 1958 tantam
762 1919 947 1971 denique
980 1919 1195 1970 processit
1227 1918 1297 1959 ille
1332 1919 1578 1959 coniciendi
1613 1919 1750 1960 auda-

331 1986 458 2026 ciam.
493 1990 539 2027 ut
568 1986 789 2027 Boeckbio
816 2000 903 2028 non
938 1987 1235 2028 intercedente
1269 1987 1461 2028 delatum
1494 1987 1748 2039 posteriori-

326 2054 406 2095 bus
439 2054 637 2096 uersibus
680 2059 856 2107 poetam
911 2055 1092 2108 lyricum
1130 2067 1228 2096 0550
1284 2056 1356 2106 „in
1391 2055 1581 2097 mediam
1614 2067 1749 2108 prope

326 2122 582 2163 animalium
600 2123 947 2175 rempublicam“
968 2124 1179 2176 opinetur.
1201 2124 1373 2165 Utinam
1389 2123 1644 2164 animalium
1658 2136 1746 2165 rem

325 2191 543 2243 publicam
578 2193 799 2244 quandam
834 2193 877 2232 in
911 2191 1069 2233 fabulis
1116 2193 1202 2233 iam
1247 2196 1337 2233 tum
1381 2191 1516 2233 fuisse
1557 2190 1750 2234 Graeco-

325 2274 420 2301 rum
454 2260 588 2301 uerbo
622 2261 778 2301 saltem
812 2261 1045 2302 docuisset.
1109 2261 1176 2302 An
1220 2260 1463 2312 fraginento
1508 2272 1560 2301 ex
1594 2260 1750 2301 Archi-

326 2329 439 2369 lochi
473 2329 528 2369 89
562 2333 728 2370 tantam
765 2329 861 2369 elici
895 2342 1025 2381 posse
1059 2342 1151 2370 rem
1171 2329 1253 2370 sibi
1272 2329 1489 2381 persuasit
1502 2330 1522 2368 ἱ)
1555 2328 1617 2369 Ac
1650 2342 1750 2381 pro-

327 2397 439 2439 fecto
474 2398 527 2438 ab
563 2398 799 2449 Huschkio,
835 2410 963 2451 quem
997 2398 1071 2439 alii
1105 2398 1242 2439 secuti
1277 2401 1389 2447 sunt,
1424 2397 1520 2437 loco
1554 2396 1612 2436 illi
1641 2409 1748 2437 sane

325 2466 640 2507 obscurissimo
690 2479 777 2507 non
828 2466 970 2508 lucem
1016 2466 1197 2507 allatam
1240 2466 1317 2506 sed
1360 2477 1500 2506 nouas
1534 2464 1748 2506 obductas

326 2535 528 2575 tenebras
563 2536 649 2575 iam
684 2535 909 2586 Mezgerus
942 2539 1061 2576 recte
1095 2535 1274 2576 monuit.
1339 2533 1489 2586 Neque
1522 2533 1637 2574 enim
1671 2546 1748 2573 001·

426 2682 448 2718 ¹)
476 2682 520 2715 cf.
550 2681 659 2715 ctiam
690 2681 846 2724 Mezgori
875 2682 928 2715 ed.
956 2694 989 2726 p.
1019 2683 1062 2716 59
1090 2693 1142 2725 sq.
1171 2680 1279 2714 11111115
1306 2679 1376 2714 loci
1404 2678 1699 2725 explicationem.
