1863 3043
777 238 820 273 3?

86 341 226 379 metro
257 335 548 387 astrinxisset,
583 335 732 377 Eueno
756 347 804 376 se
825 333 1038 376 aemulari
1059 333 1253 375 noluisse
1276 334 1439 375 diceret
1456 332 1506 385 ¹J,›:

86 405 220 446 etiam
253 403 430 446 Parium
463 403 582 444 illum
618 404 876 456 sophistam,
911 403 1171 455 praesertim
1195 414 1294 443 cum
1320 402 1504 443 forensis

86 473 362 527 eloquentiae
403 471 531 513 fuerit
574 472 783 523 magister
821 476 952 524 atque
985 470 1097 512 adeo
1131 470 1341 512 orationis
1375 482 1508 523 quae-

86 541 189 583 dam
221 541 511 582 instrumenta
532 544 574 581 et
592 539 776 581 artificia
799 539 999 581 uersibus
1023 550 1122 580 euin
1145 538 1381 580 tradidisse
1405 551 1509 579 con-

85 606 229 663 stet2)‚
262 607 432 650 fabulas
470 607 631 660 ligasse
664 607 863 649 uersibus
897 606 1129 648 nonnullas
1163 607 1281 648 haud
1314 612 1510 648 contem-

86 676 231 719 nenda
253 676 466 728 Hartungi
498 687 595 716 esse
620 676 874 717 coniectura
899 675 1004 716 mihi
1028 675 1198 716 uidetur
1219 674 1388 727 prolata
1415 675 1508 715 eius

85 745 130 786 in
162 744 269 797 eleg.
304 743 457 786 Graec.
491 744 556 785 ed.
591 744 612 785 I
644 757 683 796 p.
721 742 819 784 131.
1288 735 1295 741 ’

174 831 355 872 Praeter
386 830 616 873 Socratem
648 831 719 884 qui
745 831 950 884 proxime
983 829 1038 872 ab
1073 842 1124 871 eo
1166 834 1253 871 stat
1286 828 1504 870 Antisthe-

86 912 187 942 nem
219 900 435 953 cynicum,
479 904 525 941 ut
558 911 814 952 peruersum
859 899 1035 952 aliquod
1075 898 1131 940 ad
1162 910 1255 939 rem
1287 897 1508 950 publicam

83 968 479 1010 administrandam
513 971 718 1020 spectans
752 967 985 1009 consilium
1016 966 1304 1016 dissuaderet,
1338 966 1510 1007 dissua-

84 1037 256 1079 sionem
289 1035 463 1078 fabulae
497 1037 726 1078 cuiusdam
770 1036 993 1077 mentione
1042 1046 1226 1077 ornasse
1273 1035 1401 1076 tectis
1442 1039 1506 1076 est

85 1104 356 1157 Aristoteles,
403 1106 476 1158 qui
516 1104 590 1146 ubi
632 1105 808 1157 exponit
851 1105 894 1145 in
938 1104 1116 1145 ciuitate
1164 1115 1276 1156 quae
1325 1103 1511 1155 optima-

85 1175 195 1216 tium
233 1173 413 1216 arbitrio
453 1178 631 1226 regatur
671 1173 800 1214 nullis
843 1185 917 1214 eos
951 1171 1116 1224 legibus
1151 1171 1345 1213 coerceri
1377 1184 1510 1224 posse

86 1241 206 1296 polit.
239 1241 293 1283 ῙῙῙ
329 1241 383 1283 13
414 1255 455 1295 p.
492 1240 654 1282 1284A
687 1241 808 1282 addit
842 1239 914 1278 καί
942 1239 1019 1290 γὰρ
1050 1238 1206 1289 γελοιός
1236 1235 1284 1276 ἰὶν
1307 1236 1367 1289 εἴη
1390 1253 1510 1287 νομο-

89 1312 224 1348 :hra‘v
251 1323 314 1356 τις
341 1307 595 1356 πὸιρώμενος
625 1305 714 1346 κατ’
744 1304 891 1346 αὐτῶν.
928 1305 1083 1356 λέγοιεν
1104 1304 1181 1357 γὰρ
1207 1302 1255 1343 ἂν
1279 1304 1382 1353 ἴσως
1406 1303 1508 1355 ἅπερ

86 1374 347 1427 Ἀντισθένης
370 1373 449 1428 ἔφη
473 1375 566 1422 τοῦς
591 1375 761 1421 λέοντας
784 1370 1130 1426 δημηγορούντων
1150 1372 1233 1411 τῶν
1256 1370 1507 1411 δασυπόδων

87 1441 161 1481 καί
192 1441 238 1482 τό
271 1439 362 1482 ἴσον
392 1439 617 1490 ἀξιούντων
646 1441 801 1489 πάντας
831 1439 948 1491 ἔχειν.
1009 1440 1168 1482 Iuliani
1190 1446 1339 1483 tamen
1363 1452 1417 1481 ne
1439 1440 1505 1480 lli-

85 1511 221 1553 mium
264 1510 509 1552 tribuamus
552 1511 758 1563 ponderis
798 1510 851 1551 de
883 1508 1176 1551 Anthistliene
1217 1509 1379 1550 iudicio
1413 1519 1507 1548 mo-

85 1580 276 1621 nendum
309 1583 388 1629 est,
422 1579 494 1632 qui
527 1591 588 1620 Or.
622 1578 696 1620 VII
728 1592 768 1632 p.
803 1576 936 1619 215C
971 1577 1074 1618 dicit
1109 1574 1154 1614 οὐ
1184 1577 1266 1628 ¹urJr
1297 1572 1409 1613 (ἶλλά
1435 1573 1507 1612 καί

86 1646 289 1700 Ξενοφῶν
329 1646 520 1699 φαίνεται
567 1646 639 1684 καί
661 1642 928 1695 Ἀντισθένης
974 1643 1047 1684 καί
1081 1643 1264 1682 Πλάτων
1302 1656 1502 1692 προςχριῑ-

86 1715 258 1765 ‹sript-‘vm
297 1717 514 1766 πολλαχοῦ
552 1722 640 1763 τοῖς
681 1716 852 1765 μύθοις,
904 1722 1135 1770 propterea
1177 1716 1304 1769 quod.
1355 1713 1506 1768 quales

85 1783 245 1826 fuerint
275 1784 336 1826 illi
368 1785 497 1833 μῦθοι
528 1786 620 1827 iure
641 1789 786 1838 potest
809 1785 971 1838 ambigi
994 1790 1035 1827 et
1058 1785 1117 1826 illi
1138 1784 1334 1826 Platonis
1356 1782 1498 1831 μῦθοι,

83 1853 127 1894 id
159 1853 275 1907 quod
307 1853 589 1907 sequentibus
623 1853 1006 1896 demonstrabitur.
1056 1854 1248 1907 speciem
1292 1852 1501 1905 praebent

86 1920 244 1963 fabulis
277 1921 548 1964 dissimilem.

174 2057 439 2100 Fabularum
472 2059 731 2101 condicione
765 2059 990 2112 hucusque
1008 2058 1231 2110 recognita
1254 2068 1366 2110 quae
1391 2057 1506 2109 apud

84 2126 296 2180 plurimos
339 2128 472 2169 etiam
514 2140 631 2169 nunc
674 2127 840 2169 obtinet
873 2127 1091 2169 sententia
1124 2138 1361 2179 puerorum
1395 2125 1508 2166 anti-

83 2195 228 2248 quitus
260 2196 307 2236 in
337 2195 614 2249 disciplinam
648 2208 723 2238 eas
757 2195 943 2238 collatas
977 2207 1075 2237 esse
1108 2206 1189 2235 nec
1222 2205 1363 2247 paene
1386 2194 1506 2247 quic-

83 2275 217 2317 quam
256 2263 404 2306 utilius
444 2265 589 2306 uisum
635 2277 733 2306 esse
768 2263 950 2306 Graecis
990 2264 1046 2305 ad
1089 2274 1233 2305 mores
1266 2261 1505 2303 infantibus

84 2330 245 2374 blande
277 2337 320 2374 et
350 2333 538 2375 iucunde
572 2329 821 2375 edocendos
855 2345 986 2386 quam
1022 2331 1207 2382 fabulas,
1241 2331 1358 2372 hanc
1390 2343 1506 2372 nunc

85 2400 131 2441 in
178 2412 364 2443 examen
407 2414 582 2452 uocare,
633 2402 842 2455 quoniam
888 2401 945 2443 ad
986 2400 1215 2442 Platonem
1247 2403 1505 2452 peruentum

86 2473 165 2521 est,
200 2481 346 2511 meum
377 2481 476 2512 esse
509 2470 723 2512 existimo.
772 2469 885 2511 Nam
918 2465 1045 2521 hoc³jl
1078 2468 1340 2521 grauissimo
1372 2467 1508 2508 utitur

187 2598 212 2642 ι)
237 2598 331 2634 Plat.
357 2598 491 2634 Phaed.
516 2611 550 2645 p.
578 2600 623 2635 60
637 2598 679 2633 D.

182 2654 210 2699 ²)
235 2654 318 2690 coll.
344 2655 438 2690 Plat.
465 2655 618 2690 Phaedr.
644 2667 678 2700 p.
702 2654 811 2690 267A
839 2656 875 2688 et
901 2653 995 2699 apol.
1022 2653 1116 2689 203.

183 2711 211 2756 ³)
237 2710 290 2745 De
316 2710 575 2757 Aristophanis
601 2722 658 2745 au.
685 2713 752 2746 471
781 2710 924 2745 dicetur
948 2722 982 2756 p.
1012 2712 1066 2746 70.
