1854 3017
971 98 1015 131 46

276 197 541 238 conuenisse
575 201 618 237 et
650 199 818 248 septem
852 194 1115 246 sapientium
1149 194 1354 235 conuiuio
1387 194 1432 234 in
1464 194 1594 236 domo
1627 193 1707 235 Pe-

279 265 442 306 riandri
490 263 742 305 interfuisse
785 267 827 304 et
871 262 1023 304 Croesi
1069 262 1191 304 iussu
1224 262 1416 315 Delphos
1461 260 1706 315 profectum

274 346 377 374 cum
410 333 549 384 donis,
584 332 880 384 depugnatum
914 344 940 372 a
971 329 1185 373 Grauerto
1219 335 1286 372 est
1319 331 1344 372 l.
1380 331 1407 375 l.
1445 344 1485 384 p.
1521 331 1578 371 44
1610 344 1704 385 sqq.

276 406 321 442 et
354 401 406 441 61
444 414 505 454 sq.
569 400 719 453 Neque
763 399 860 452 plus
894 399 1058 441 idcirco
1091 399 1371 441 tribuendum
1405 403 1471 440 est
1502 400 1706 452 ponderis

279 470 393 522 quod
425 469 573 510 Alexis
619 468 897 509 comoediam
943 479 1056 520 quae
1111 467 1334 520 appellata
1368 472 1461 509 erat
1504 465 1707 514 Αἴσωπος

275 537 465 589 scripsit,
513 537 557 577 in
590 548 677 589 qua
710 535 826 588 apud
860 534 1074 577 Croesum
1109 539 1460 577 commorantem
1495 547 1595 576 cum
1629 534 1708 577 So-

278 605 378 646 lone
417 604 640 657 Aesopum
674 603 744 645 ille
778 602 957 645 finxisse
989 601 1267 659 Welcker01)
1300 604 1393 645 iure
1426 604 1610 645 uidetur.
1647 603 1707 645 De

278 673 345 714 his
379 674 507 725 igitur
541 672 744 714 omnibus
778 684 939 726 susque
973 673 1125 726 deque.
1190 673 1375 714 Restant
1408 672 1613 725 grauiora
1644 676 1708 713 te-

274 741 499 792 stimonia,
549 752 663 794 quae
706 741 870 793 optimo
914 741 1006 781 iure
1048 740 1285 782 multorum
1318 741 1407 782 iam
1441 740 1706 784 exercebant

279 809 451 861 ingenia
497 814 550 853 et,
602 822 701 850 cum
742 808 854 850 alius
895 808 983 850 alia
1016 808 1309 861 explicatione
1343 821 1396 850 ea
1428 809 1707 862 templauerit

278 878 634 931 singulorumque
668 877 797 919 fidem
830 889 960 918 nemo
983 881 1030 918 ut
1062 890 1141 930 par
1174 882 1240 919 est
1264 877 1491 929 diligenter
1522 889 1707 931 perpen-

278 947 388 987 derit
420 946 497 987 sed
530 958 644 999 quae
677 950 781 999 apta
815 945 1062 986 sententiae
1095 957 1203 986 suae
1227 950 1583 999 praeoccupatae
1607 957 1705 987 esse

278 1014 551 1065 uidebantur⁷
587 1026 639 1055 ea
673 1014 865 1055 maxime
887 1014 1111 1066 presserit,
1147 1014 1389 1055 sententias
1414 1014 1607 1055 maxime
1629 1026 1708 1055 ua-

278 1083 365 1123 rias
415 1086 457 1123 et
503 1082 696 1123 incertas
745 1082 993 1123 excitarunt
1039 1081 1092 1122 de
1134 1082 1399 1123 auctoritate
1441 1082 1532 1123 uita
1564 1083 1708 1136 patria

277 1150 456 1203 Aesopi.
498 1150 647 1204 Neque
681 1163 707 1192 a
741 1163 960 1203 quoquam
996 1150 1056 1191 ita
1091 1150 1143 1191 de
1176 1150 1244 1191 his
1278 1155 1427 1192 actum
1462 1155 1529 1192 est
1560 1150 1705 1201 rebus,

280 1219 383 1272 quin
416 1219 627 1260 nonnulla
661 1219 815 1260 relicta
849 1231 946 1260 esse
980 1231 1093 1272 quae
1137 1219 1249 1260 inter
1276 1231 1323 1260 se
1352 1223 1546 1272 pugnent
1578 1223 1708 1272 atque

276 1287 390 1329 adeo
425 1300 524 1328 cum
559 1291 805 1329 ceterarum
837 1300 983 1329 rerum
1017 1288 1060 1328 in
1085 1286 1273 1329 Graecia
1307 1292 1425 1329 statu
1449 1288 1710 1330 dissentiant

277 1359 557 1412 perspicuum
605 1359 660 1400 sit
703 1363 777 1400 aut
818 1359 911 1411 ipse
946 1358 1218 1400 confiteatur.
1282 1359 1395 1400 Nam
1428 1363 1475 1400 ut
1507 1359 1707 1401 omittam

280 1439 368 1479 eos,
403 1427 474 1480 qui
508 1426 649 1468 obiter
680 1431 852 1468 tantum
888 1439 962 1468 eas
985 1431 1290 1468 tractauerunt
1322 1440 1412 1469 res:
1448 1428 1520 1481 qui
1542 1428 1708 1481 primus

279 1496 528 1536 accuratius
561 1500 702 1537 totam
735 1508 826 1537 rem
861 1496 1129 1548 perscrutari
1162 1508 1215 1537 ac
1249 1496 1490 1537 diiudicare
1524 1500 1708 1538 conatus

280 1569 345 1606 est
389 1564 628 1606 Grauertus
670 1565 900 1606 uideamus
944 1564 1153 1618 quidnam
1187 1564 1317 1617 longa
1350 1565 1421 1606 ille
1454 1569 1496 1607 et
1529 1566 1709 1618 copiosa

281 1633 586 1674 dissertatione
620 1645 701 1674 sua
734 1632 927 1674 euicerit.
964 1632 1088 1683 Quod
1111 1637 1158 1674 ut
1176 1633 1456 1686 paucissimis
1475 1634 1568 1687 ipse
1590 1646 1710 1676 com-

277 1701 584 1753 prehenderet,
621 1715 661 1755 p.
696 1701 752 1742 92
789 1701 937 1753 „mihi‚
984 1702 1134 1755 inquit⁷
1169 1702 1253 1743 hoc
1295 1701 1582 1743 dubitandum
1621 1715 1709 1744 non

279 1770 450 1811 uidetur
482 1771 647 1812 uixisse
696 1767 978 1825 aliquando‘2)
1015 1770 1161 1820 ‚uirum
1213 1771 1461 1823 quaendam
1504 1770 1709 1824 alienige-

281 1851 383 1879 nam
418 1839 461 1879 in
492 1838 626 1881 Samo
660 1840 803 1880 insula
836 1851 1026 1890 seruum,
1062 1840 1134 1892 qui
1168 1852 1222 1881 ex
1253 1840 1486 1892 peregrina
1519 1840 1710 1893 quadam

282 1912 399 1948 terra
454 1908 509 1948 ad
563 1907 758 1949 Graecos
813 1906 985 1949 fabulas
1043 1909 1354 1961 deportauerit.
1420 1908 1542 1959 Quae
1591 1908 1710 1960 regio

279 1975 421 2028 qualis
456 1975 584 2017 fuerit
617 1977 653 2017 si
686 1977 929 2030 quaesieris
963 1977 1125 2029 ambigi
1159 1978 1335 2031 quidem
1367 1981 1530 2031 potest:
1566 1978 1610 2018 in
1633 1977 1710 2018 du-

280 2043 390 2085 abus
425 2045 540 2085 enim
574 2046 700 2086 terris
736 2046 921 2087 diuersis
957 2044 1133 2087 fabulae
1175 2046 1412 2100 aliquando
1458 2045 1708 2095 floruerunt,

382 2179 405 2223 ¹)
433 2179 829 2214 commentatiunculae
864 2179 922 2214 cui
950 2179 1142 2224 inscripsit,
1177 2178 1322 2224 „Aesop
1350 2178 1431 2213 eine
1457 2177 1590 2219 fabel“,
1616 2189 1711 2222 quae

281 2234 379 2269 inest
405 2235 442 2268 in
469 2236 562 2269 Mus.
590 2235 657 2270 Rh.
684 2236 735 2270 Vl
763 2238 799 2270 et
825 2247 948 2281 opusc.
976 2236 1021 2275 ΙΙ,
1047 2235 1156 2270 huius
1182 2235 1331 2280 quidem
1357 2234 1442 2269 libri
1467 2247 1500 2280 p.
1529 2236 1594 2270 2:31
1627 2245 1706 2278 sqq.

285 2292 325 2325 In
353 2304 394 2326 ea
421 2292 605 2327 laudanda
632 2292 801 2338 equidem
827 2304 974 2338 pergam
1003 2292 1171 2338 opusculi
1196 2293 1334 2330 referre
1359 2291 1526 2337 paginas.

381 2357 407 2402 ²)
435 2358 556 2403 Ipsum
596 2361 794 2399 auctorem,
833 2358 895 2403 qui
933 2358 1041 2404 paulo
1079 2360 1165 2392 ante
1200 2358 1254 2403 (p.
1283 2357 1348 2402 90)
1375 2357 1558 2402 Aesopum
1596 2356 1711 2391 fuisse

284 2414 455 2448 Amaside
494 2414 530 2448 in
561 2415 730 2460 Aegypto
756 2418 935 2459 regnante
963 2415 1225 2455 affirmauerat,
1265 2425 1332 2448 suo
1371 2413 1505 2448 iudicio
1542 2412 1614 2447 iam
1653 2412 1712 2446 hic

284 2470 387 2505 uides
414 2470 574 2505 diffisum
602 2483 693 2506 esse.
746 2472 915 2506 Ceterum
943 2472 1164 2506 Grauertum
1191 2471 1287 2516 quod
1314 2470 1483 2504 Kellerus
1506 2482 1538 2515 p.
1567 2471 1636 2505 374
1660 2469 1712 2504 in-

281 2529 339 2560 ter
365 2538 426 2560 eos
458 2527 632 2568 nominat,
672 2527 733 2572 qui
769 2540 928 2572 unquam
965 2527 1080 2561 fuisse
1106 2527 1293 2573 Aesopum
1329 2529 1476 2571 negant,
1517 2526 1710 2561 admodum

283 2595 405 2617 miror.
