1863 3043
824 238 867 271 23

137 335 236 374 dine
268 334 455 385 regionis
488 338 562 374 aut
596 333 782 373 {luminis
807 337 948 374 exstet
967 332 1129 373 mentio
1148 333 1231 372 nisi
1250 333 1293 372 in
1324 331 1409 374 fab.
1430 332 1486 373 30
1504 333 1553 374 H.

137 401 361 444 Maeandri
379 401 429 455 ¹):
494 401 719 443 Maeandri
766 401 867 442 olim
918 402 961 442 in
1010 401 1122 442 ualle
1166 405 1207 442 et
1240 402 1351 442 ostio
1385 401 1555 442 fabulas

139 470 231 512 illas
264 471 466 511 inuentas
500 481 597 510 esse
631 475 673 510 et
705 474 907 511 narratas
938 474 1013 511 aut
1036 474 1154 510 certe
1178 470 1269 510 eius
1293 482 1369 522 per
1392 470 1552 511 uallem

137 550 234 580 sese
267 538 471 579 effudisse
503 550 579 590 per
613 537 880 579 Graecorum
915 551 1035 580 mare
1069 542 1109 579 et
1142 551 1242 579 oras
1274 537 1555 579 manifestum

137 611 214 648 est.
279 606 330 647 Et
362 606 398 647 si
440 618 591 646 uerum
627 610 704 655 est,
759 607 873 658 quod
916 606 1108 648 Kellerus
1142 606 1165 646 l.
1202 606 1226 646 l.
1262 607 1379 647 haud
1412 606 1556 658 inepte

137 677 287 715 censet
329 686 459 726 quam
502 678 685 714 naturae
729 674 960 714 adumbrat
993 675 1175 715 scolium
1211 687 1341 726 supra
1376 674 1554 714 allatum

138 742 384 794 imaginem,
431 754 528 783 eam
564 754 818 794 expressam
853 754 949 783 esse
983 743 1037 783 ad
1071 742 1395 783 similitudinem
1432 742 1555 794 palu-

136 811 202 852 dis
234 822 368 862 prope
401 810 619 863 Ephesum
655 811 778 859 sitae,
829 823 958 863 quam
993 810 1175 850 Aeliano
1219 810 1258 850 h.
1295 823 1331 850 a.
1370 810 1460 851 XV!
1500 809 1555 850 38

137 882 247 920 teste
288 877 495 920 refertam
541 878 755 930 anguibus
800 882 923 918 tanta
969 891 1228 919 cancrorum
1273 879 1315 918 in
1363 878 1556 930 margine

136 946 486 987 circumsedebat
520 947 762 997 multitudo7
798 950 843 986 ut
877 945 935 986 illi
970 947 1088 1006 exire
1123 958 1174 987 ex
1199 958 1248 987 ea
1273 946 1555 997 prohiberen-

135 1019 216 1064 tur²
251 1014 412 1056 firmari
447 1019 643 1056 nostram
677 1015 893 1056 concedes
928 1015 1204 1055 sententiam.
1261 1013 1454 1066 Denique
1489 1013 1556 1053 his

139 1082 294 1124 fabulis
327 1083 644 1136 antiquissimis
678 1083 760 1124 loci
796 1083 1022 1123 cuiusdam
1058 1083 1277 1124 mentione
1311 1081 1554 1134 insignibus

136 1151 471 1192 adsciscendum
517 1155 582 1192 est
615 1150 868 1192 Callimachi
905 1150 952 1191 fr.
988 1151 1056 1201 91,
1099 1163 1183 1203 quo
1217 1162 1323 1191 sane
1356 1154 1556 1191 uetustae

137 1219 388 1273 perhibetur
422 1218 594 1260 fabulae
628 1219 820 1270 initium,
854 1220 937 1260 nisi
973 1218 1094 1271 sorte⁷
1130 1220 1245 1272 quod
1278 1232 1365 1260 non
1388 1219 1557 1260 bestiae

136 1289 213 1330 sed
243 1288 422 1330 arbores
456 1289 499 1328 in
523 1300 574 1329 eo
596 1288 822 1340 loquentes
847 1288 1193 1334 introducuntur,
1229 1286 1557 1328 narratiuncula

137 1356 221 1398 illic
266 1356 474 1398 incohata
516 1361 580 1397 est
630 1356 835 1409 antiquae
886 1356 1059 1397 fabulae
1108 1356 1270 1409 aliquid
1319 1356 1555 1397 dissimilis.

136 1425 258 1476 Quae
291 1438 390 1466 cum
424 1425 484 1466 ita
518 1426 615 1476 sint,
657 1425 772 1466 unde
806 1424 982 1465 fabulae
1016 1425 1223 1477 antiquae
1256 1425 1395 1477 prima
1431 1424 1556 1477 quasi

135 1493 378 1546 specimina
411 1505 487 1545 per
518 1494 710 1543 Samum,
748 1493 906 1534 Parum
942 1493 984 1533 in
1019 1497 1189 1534 ceteras
1225 1491 1381 1534 Graeci
1415 1492 1555 1533 nomi-

135 1562 201 1602 nis
234 1562 434 1613 regiones
468 1561 664 1614 profecta
698 1562 783 1602 sint
807 1562 1057 1602 accuratius
1076 1562 1334 1613 indagantes
1358 1562 1553 1614 ipsarum

135 1629 503 1683 contemplatione
548 1630 818 1681 adducimur,
864 1630 907 1669 in
951 1629 1177 1671 Maeandri
1221 1630 1355 1671 solius
1395 1629 1554 1670 uallem

136 1699 314 1751 eiusque
357 1698 454 1740 loca
502 1699 694 1739 demissa
736 1702 778 1739 et
822 1697 1034 1750 palustria
1076 1702 1122 1738 ut
1164 1698 1358 1739 confixos
1405 1697 1555 1738 oculos

136 1771 376 1808 teneamus.
442 1765 667 1808 Contracti
711 1767 838 1818 igitur
871 1766 1007 1806 artius
1041 1770 1142 1806 sunt
1176 1767 1282 1807 iines
1317 1778 1400 1819 quo
1435 1765 1556 1806 duci-

138 1847 233 1875 mur
263 1835 459 1886 uestigiis
493 1847 625 1887 quam
660 1833 846 1876 fortasse
880 1838 1011 1875 antea
1046 1834 1141 1886 quis
1165 1838 1433 1886 sperauerat.
1471 1832 1557 1874 Sed

136 1914 281 1944 nonne
314 1903 475 1955 optime
510 1915 562 1944 ea
596 1915 694 1943 cum
730 1915 775 1943 re
809 1903 1044 1943 conuenire
1069 1906 1198 1955 atque
1220 1902 1331 1943 adeo
1356 1914 1557 1953 compro-

136 1969 230 2011 bari
263 1970 337 2011 illa
370 1971 504 2012 uides.
541 1982 652 2024 quae
685 1984 817 2023 supra
853 1971 939 2011 iam
960 1971 1056 2011 aliis
1081 1983 1133 2011 ex
1158 1970 1305 2011 causis
1329 1970 1554 2020 efficimus,

137 2038 295 2080 Aeolos
330 2043 372 2080 et
405 2039 553 2090 Dores‚
604 2040 675 2092 qui
723 2040 803 2092 ipsi
837 2052 1008 2093 quoque
1041 2040 1158 2080 haud
1192 2039 1391 2090 exiguam
1425 2039 1556 2079 Asiae

139 2119 244 2148 orae
276 2112 443 2160 partem
479 2108 742 2160 incolebant?
779 2108 951 2150 fabulas
985 2109 1143 2149 diutius
1178 2107 1437 2159 ignorasse?
1470 2107 1557 2147 No-

139 2180 207 2217 tas
240 2176 394 2217 deinde
427 2189 513 2229 qua
546 2181 670 2218 erant
703 2177 746 2217 in
778 2177 911 2218 Jones
944 2177 1088 2218 aliena
1121 2176 1345 2217 uoluntate
1375 2180 1415 2217 et
1449 2188 1557 2216 non-

138 2237 360 2297 nunquam
403 2245 622 2286 simultate
666 2244 852 2286 fortasse
885 2245 987 2285 data
1020 2257 1153 2297 opera
1186 2245 1408 2297 aspernati
1442 2248 1553 2284 sunt.

139 2313 272 2354 Jones
304 2317 464 2364 autem,
499 2314 571 2366 qui
603 2314 745 2366 ipsum
770 2313 991 2354 Maeandri
1018 2313 1227 2354 tenebant
1248 2313 1420 2363 ostium,
1456 2325 1555 2353 cum

235 2452 262 2495 1)
288 2450 383 2485 Huic
409 2463 427 2484 e
454 2451 525 2485 fab.
555 2452 598 2486 30
625 2453 769 2496 sumpto
788 2453 1004 2494 argumento
1023 2462 1089 2494 ego
1119 2450 1264 2494 quidem
1295 2461 1365 2483 non
1403 2449 1555 2483 nimium

138 2506 329 2540 tribuerim
355 2506 598 2545 auctoritatis.
625 2507 711 2551 quia
737 2506 923 2551 antiquam
951 2518 1031 2540 eam
1057 2518 1137 2540 esse
1164 2506 1325 2540 fabulam
1359 2508 1457 2540 certo
1484 2517 1556 2539 non

141 2565 294 2597 constat.
338 2561 564 2607 Quamquam
601 2563 678 2598 iure
713 2563 802 2597 mihi
839 2563 1007 2597 uidentur
1045 2562 1349 2597 animaduertisse
1388 2562 1557 2596 Kellerus

139 2619 161 2653 l.
188 2619 212 2653 l.
238 2631 270 2664 p.
297 2621 366 2655 3:30
393 2622 429 2653 et
455 2619 663 2654 Dresselius
689 2622 828 2664 quaest.
858 2619 901 2653 de
927 2619 1071 2653 fabulae
1098 2618 1250 2653 historia
1277 2620 1418 2664 (progr.
1448 2618 1554 2652 Bero-

140 2675 272 2710 linensi
298 2688 329 2710 a.
359 2678 468 2719 1876)
493 2689 526 2722 p.
557 2678 598 2711 16
624 2679 808 2711 seruatam
835 2679 981 2722 propter
1007 2676 1168 2710 fluminis
1187 2676 1398 2710 memoriam
1418 2687 1495 2710 eam
1519 2675 1554 2709 in

141 2732 408 2777 antiquissimis
434 2732 637 2767 habendam
666 2744 745 2767 esse
771 2732 916 2766 fabulis.
