1854 3017
883 164 925 195 5⁴3

193 266 229 301 et
279 260 348 300 illo
395 259 637 300 fabulatorc
689 271 903 310 nusquam
946 270 1054 298 sane
1097 258 1301 298 traditum
1345 258 1615 309 inuenimu53

196 327 368 369 nomine
411 331 555 367 autem
595 324 796 368 Αἴσωπος
837 325 1001 365 dictum
1035 336 1133 366 esse
1184 325 1395 366 artificem
1441 325 1541 367 doni
1576 325 1617 366 in

195 397 321 447 Sigeo
370 395 499 447 positi
543 395 583 434 in
623 392 747 434 titulo
783 392 827 433 C.
870 393 894 432 l.
933 391 1002 434 Gr.
1040 393 1053 433 I
1087 392 1112 433 8
1148 393 1234 434 iam
1270 393 1480 445 Bergkius
1513 393 1614 434 hist.

196 466 270 505 litt.
308 465 321 504 1
356 463 441 504 373
475 462 799 504 animaduertit.

287 532 405 574 Unde
447 531 642 573 hauserit
688 530 932 571 Herodotus
977 542 1024 571 ea
1062 543 1173 583 quae
1209 544 1324 572 noua
1358 532 1410 572 de
1444 531 1618 582 Aesopo

197 601 442 642 fabularum
477 600 707 640 inuentore
741 599 969 651 proposuit
1002 599 1117 640 haud
1143 599 1316 640 difficile
1338 604 1404 640 est
1429 599 1616 651 cognitu.

198 670 304 711 Eum
347 668 465 710 Sami
517 671 839 708 commoratum
885 679 982 708 esse
1028 668 1305 709 notissimum
1351 673 1434 719 est3
1485 680 1619 722 quare

197 739 251 779 ab
285 738 378 789 ipso
412 737 580 777 minore
598 736 806 776 [admone
841 736 1064 777 audiuisse
1100 736 1166 776 illa
1204 749 1341 788 prona
1375 742 1441 778 est
1474 737 1620 779 conie-

197 811 333 847 ctura.
398 805 625 856 Temporis
668 804 839 860 ratione
883 817 1014 857 quain
1057 817 1189 856 supra
1222 818 1261 857 p.
1297 804 1352 845 58
1387 805 1620 846 statuimus

199 874 390 927 poscitur
423 879 461 914 ut
500 873 763 914 breuissimo
797 876 996 924 tempore
1029 873 1262 914 credamus
1287 877 1388 914 ante
1412 873 1621 915 Herodoti

199 943 299 983 illuc
343 942 581 983 aduentum
626 941 860 993 pecuniam
910 940 1104 982 Iadmoni
1151 954 1174 982 a
1219 941 1395 993 Delphis
1429 941 1617 983 solutam

198 1019 306 1053 esse.
342 1011 591 1051 Nouitatem
625 1010 686 1050 rei
721 1009 841 1050 illum
876 1010 1031 1062 cupide
1065 1010 1302 1062 arripuisse
1336 1014 1378 1050 et
1411 1010 1528 1051 haud
1561 1011 1622 1051 ita

199 1080 423 1131 diligenter
456 1091 672 1131 perpensa
706 1078 891 1119 ueritate
926 1078 1138 1119 historiae
1173 1077 1290 1119 libris
1337 1078 1477 1129 prima
1510 1090 1624 1131 quae

199 1150 237 1189 ei
270 1148 415 1189 oblata
451 1154 544 1188 erat
578 1148 815 1188 occasione
850 1146 1048 1188 intulisse
1081 1151 1430 1188 consentaneum
1465 1151 1542 1187 est.

288 1216 419 1257 Cuius
454 1216 506 1256 de
542 1215 715 1267 Aesopo
752 1214 995 1256 fabulatore
1041 1215 1262 1256 ladmonis
1305 1214 1479 1256 seruulo
1522 1227 1624 1256 nar-

200 1287 309 1327 ratio
342 1291 383 1326 ut
419 1285 474 1326 ab
509 1284 765 1337 aequalibus
799 1288 841 1325 et
875 1285 936 1325 eis
970 1285 1039 1337 qui
1083 1284 1281 1336 proxime
1325 1296 1424 1325 eum
1470 1295 1625 1337 seque-

200 1355 356 1395 bantur
390 1354 533 1394 minus
568 1352 753 1404 probata
787 1357 828 1393 et
862 1356 1040 1405 recepta
1073 1356 1204 1405 atque
1237 1353 1349 1393 adeo
1392 1352 1621 1404 repudiata

201 1435 298 1464 esse
332 1421 515 1464 uidet'ur.
554 1423 609 1462 ita
644 1422 759 1473 apud
794 1433 869 1463 eos
905 1422 976 1474 qui
1010 1421 1324 1473 posterioribus
1359 1421 1549 1462 saeculis
1573 1421 1625 1462 de

203 1492 376 1544 Aesopo
410 1490 574 1543 aliquid
602 1490 822 1531 narraturi
857 1495 995 1537 erant„
1031 1490 1265 1542 plurimum
1294 1490 1489 1531 ualuisse
1523 1502 1627 1531 con-

201 1565 298 1601 stat.
370 1560 520 1600 Effecit
568 1560 609 1599 id
650 1559 787 1600 altera
837 1571 887 1600 ex
931 1564 1054 1612 parte
1099 1561 1189 1611 ipsa
1237 1560 1328 1600 eius
1370 1558 1625 1600 auctoritas.

209 1630 364 1669 Altera.
401 1629 478 1669 etsi
513 1632 685 1680 tempus
719 1641 803 1680 quo
823 1628 1020 1680 Aesopus
1055 1628 1175 1670 Sami
1211 1628 1411 1669 floruisse
1445 1631 1483 1668 et
1526 1639 1629 1668 con-

208 1698 320 1738 dicio
353 1710 438 1749 qua
472 1710 575 1737 usus
610 1696 694 1737 illic
731 1709 828 1737 esse
862 1697 1125 1737 narrabatur
1169 1684 1422 1737 accuratius
1466 1695 1629 1737 delibe-

211 1766 320 1807 ranti
355 1765 606 1806 nonnemini
643 1764 874 1805 uidebatur
909 1765 1122 1806 excedere
1160 1766 1296 1805 tidem.
1339 1765 1457 1806 Sami
1492 1764 1628 1816 ipsius

211 1834 375 1875 insulae
411 1839 565 1875 natura
599 1834 707 1874 situs
743 1833 914 1874 incolae
949 1834 1217 1875 Graecorum
1245 1832 1456 1874 iuuabant
1476 1832 1631 1874 credu-

211 1905 387 1944 litatem.
424 1902 593 1943 Etenim
628 1902 671 1942 in
705 1901 848 1942 insula
881 1901 1029 1951 Samo,
1070 1915 1155 1954 quo
1192 1902 1276 1941 iani
1313 1900 1630 1954 antiquissimis

210 1970 474 2022 temporibus
523 1970 843 2021 negotiatorum
896 1982 1102 2020 magnam
1153 1968 1488 2009 multitudinem.
1538 1967 1631 2008 siue

209 2038 339 2078 Asiae
389 2038 568 2079 minoris
618 2050 741 2079 oram
770 2037 989 2089 'legebant
1035 2038 1128 2078 siue
1173 2049 1224 2078 ex
1260 2037 1467 2078 interiore
1500 2035 1631 2076 Asiae

211 2106 390 2157 profecti
409 2105 631 2147 Maeandri
648 2106 870 2158 permensi
890 2105 1049 2147 uallem
1070 2118 1246 2146 cursum
1271 2110 1391 2146 trans
1410 2104 1631 2155 Aegaeum

212 2186 331 2215 mare
365 2174 620 2225 dirigebant.
672 2186 923 2215 commeare
958 2178 1131 2215 constat
1175 2186 1272 2215 esse
1307 2172 1495 2214 solitam.
1546 2183 1631 2212 una

212 2255 307 2282 eum
343 2243 568 2294 peregrina
619 2254 764 2283 merce
799 2242 930 2282 etiam
967 2242 1137 2283 uariam
1171 2253 1322 2282 earum
1367 2252 1509 2281 rerum
1560 2251 1633 2280 co-

212 2310 325 2360 piam
361 2310 625 2351 confluxisse
660 2310 787 2363 liquet
825 2323 933 2362 quas
969 2310 1193 2351 hominum
1238 2309 1408 2359 ingenia
1455 2308 1634 2348 inuene-

212 2383 302 2418 rant
343 2379 513 2429 ‹eognitu
550 2379 787 2431 audituque
820 2378 1034 2418 iucundas
1070 2383 1108 2418 et
1155 2377 1293 2418 utiles.
1362 2376 1412 2417 Et
1458 2375 1632 2418 Samios

214 2446 328 2496 ipsos
361 2459 530 2499 quoque
567 2447 821 2487 maturrime
856 2446 1104 2498 negotiandi
1141 2458 1276 2487 causa
1323 2456 1477 2486 omnes
1520 2456 1631 2497 quas

215 2518 409 2564 poteraut
462 2514 625 2555 insulas
674 2520 715 2555 et.
764 2528 864 2556 oras
915 2515 1182 2567 propinquas
1218 2518 1410 2555 remotas
1444 2513 1631 2554 nauibus

214 2582 372 2623 adiisse
408 2588 552 2623 notum
591 2588 668 2623 est.
705 2584 818 2624 unde
842 2594 1146 2635 quaecumque
1169 2583 1224 2623 ad
1245 2581 1487 2634 politiorem
1516 2581 1632 2621 uitae

215 2649 374 2689 cultum
419 2650 634 2701 pertinere
680 2656 942 2702 cognossent
991 2652 1029 2690 in
1066 2651 1252 2702 patriam
1296 2661 1446 2690 secum
1480 2648 1632 2689 tulisse
