1937 3032
879 179 922 213 13

189 276 324 318 habet
342 277 684 327 excusationem,
720 276 835 328 apud
856 287 1208 328 unumquemque
1225 280 1466 327 poetarum.
1502 288 1610 328 quos

189 345 331 386 adhuc
363 345 563 394 adimitis,
613 356 797 397 quorum
846 343 1081 385 admodum
1125 355 1252 384 rarae
1287 347 1326 384 et
1368 342 1523 384 breues
1558 354 1610 383 ex

189 418 311 466 parte
342 417 510 454 restant
540 424 746 453 uersuum
770 423 1002 464 compages
1024 411 1183 452 nedum
1207 411 1374 462 integra
1398 411 1608 459 carmina,

191 479 361 522 fabulas
403 480 505 521 data
549 480 783 521 occasione
827 479 1094 521 carminibus
1128 480 1315 520 insertas
1349 479 1608 528 inuenimus⁷

190 552 235 589 ut
267 549 400 590 fuisse
434 560 508 590 eas
542 553 672 601 atque
705 549 836 589 etiam
860 547 1069 589 'floruisse
1101 548 1361 588 auctoritate
1384 547 1496 588 inter
1519 548 1610 588 eius

188 615 419 669 populares
452 617 544 658 iure
578 616 869 657 coniceretur:
907 616 1028 656 cuius
1062 616 1105 656 in
1129 620 1286 668 poetae
1319 615 1451 656 ullum
1488 614 1611 656 fabu-

189 683 258 726 lae
289 684 520 736 uestigium
554 684 828 725 desideratur
860 683 1052 736 reliquiis
1091 685 1348 736 praesertim
1390 684 1455 727 iis.
1506 696 1612 736 qua-

189 765 284 793 rum
318 757 361 794 et
393 753 605 793 maiorem
642 765 772 805 quam
806 752 920 804 apud
953 752 1120 804 priores
1155 752 1339 793 fecimus
1374 764 1503 793 casus
1537 764 1613 804 op-

189 821 453 873 portunitate
487 833 675 862 messem
709 825 749 861 et
782 833 852 861 res
886 821 1141 873 numerique
1166 820 1334 862 fabulas
1358 834 1445 862 non
1469 820 1612 861 dicam

190 900 397 930 enarrare
439 890 516 930 sed
557 893 734 940 tangere
777 888 1100 940 permittebant,
1151 901 1206 930 ne
1240 889 1283 929 in
1317 901 1466 930 eorum
1501 889 1613 929 inter

189 969 298 1009 quos
331 957 528 998 carmina
561 957 711 1009 panxit
744 957 917 1009 quidem
951 957 1042 998 uita
1076 961 1115 998 et
1136 969 1339 999 sermone
1362 958 1458 998 illas
1482 961 1610 998 notas

190 1028 265 1066 aut
286 1025 472 1066 usitatas
493 1024 626 1066 fuisse
650 1025 766 1066 haud
786 1037 903 1066 uana
918 1029 983 1066 est
1002 1026 1207 1077 suspicio.
1234 1025 1327 1076 Quo
1346 1038 1612 1079 quamquam

189 1098 418 1146 poetarum
463 1093 633 1135 silentio
678 1093 795 1134 nullo
839 1093 968 1134 modo
1012 1094 1303 1145 astringimur,
1354 1097 1399 1134 ut
1443 1093 1612 1134 fabulas

191 1173 341 1203 eorum
373 1161 655 1215 popularibus
689 1174 866 1214 prorsus
901 1162 1071 1213 ignotas
1106 1161 1240 1203 fuisse
1265 1163 1511 1203 credamus.
1546 1168 1612 1203 ta-

192 1241 292 1271 men
325 1230 590 1271 credendum
620 1233 724 1282 puto
758 1241 856 1271 esse
889 1241 940 1271 eo
964 1230 1116 1282 magis⁷
1154 1243 1238 1282 quo
1261 1231 1375 1283 apud
1400 1231 1612 1283 quosdam

191 1297 336 1351 plures
359 1298 572 1340 accedent
595 1310 769 1349 causae,
805 1297 960 1351 quibus
985 1310 1096 1351 quae
1120 1299 1395 1351 suspicamur
1423 1298 1613 1339 firmiora

197 1366 299 1408 liant
314 1365 357 1420 ¹).

283 1434 344 1476 De
376 1435 562 1488 Tyrtaeo
595 1435 785 1476 breuiter
812 1439 955 1488 potest
989 1435 1086 1476 dici.
1122 1435 1234 1476 Nam
1268 1435 1368 1488 quia
1404 1435 1613 1487 ..insignis

193 1503 408 1545 Homerus
427 1504 726 1557 Tyrtaeusque
745 1515 889 1544 mares
909 1504 1079 1544 animos
1100 1504 1141 1543 in
1161 1503 1318 1545 Martia
1337 1503 1450 1545 bella
1468 1504 1614 1545 Versi-

192 1572 274 1614 bus
290 1572 506 1623 exacuit²⁴‚
525 1576 571 1613 ut
595 1571 650 1613 ab
675 1571 786 1613 illius
813 1572 871 1613 ita
892 1572 946 1613 ab
968 1573 1095 1613 huius
1116 1572 1302 1613 canendi
1320 1572 1489 1613 ratione
1511 1572 1615 1613 alie-

191 1653 293 1681 num
313 1644 407 1682 erat
438 1639 682 1682 fabularum
707 1641 986 1682 mentionem.
1014 1641 1050 1681 si
1075 1654 1183 1694 quas
1204 1646 1295 1681 tum
1317 1640 1615 1682 Lacedaemo-

191 1709 362 1751 niorum
373 1706 403 1763 ²)
420 1708 604 1762 populus
619 1709 801 1750 nouerit.
818 1709 1068 1750 embateriis
1083 1714 1123 1750 et
1136 1709 1393 1762 hypothecis
1408 1709 1612 1750 inserere.

278 1777 467 1818 Alterius
501 1777 952 1818 Lacedaemoniorum
985 1781 1141 1830 poetae
1175 1776 1412 1819 Alcmanis.
1448 1778 1519 1830 qui
1550 1776 1612 1819 Ol.

191 1844 247 1885 42
280 1843 400 1899 (612)
435 1845 578 1887 clarus
613 1844 702 1886 fuit.
741 1844 983 1897 fragmenta
1018 1845 1177 1886 multas
1213 1850 1254 1886 et
1277 1845 1614 1886 iucundissimas

191 1914 403 1966 imagines
437 1918 480 1955 et
513 1914 864 1966 comparationes
899 1913 1117 1954 exhibent.
1160 1925 1272 1966 quae
1305 1918 1481 1965 poetam
1515 1926 1613 1955 cum

192 1986 376 2023 naturae
408 1986 500 2022 tum
523 1981 779 2023 animalium
803 1982 1156 2022 amantissimum
1182 1982 1314 2023 fuisse
1337 1986 1554 2023 testantur
1568 1982 1611 2035 ὅ),

194 2048 367 2091 fabulae
399 2062 454 2091 ne
486 2049 688 2091 umbram
722 2050 908 2103 quidem.
945 2050 1037 2091 Hoc
1072 2050 1230 2090 mirum
1255 2054 1341 2101 est3
1378 2062 1458 2091 nec
1483 2063 1613 2091 casus

193 2118 463 2172 iniquitatem
498 2118 793 2171 reprehendas
827 2118 982 2169 solum,
1017 2119 1131 2171 quod
1164 2117 1262 2159 talis
1296 2119 1358 2159 rei
1390 2118 1516 2160 nobis
1549 2131 1617 2160 re-

192 2186 365 2240 liquerit
392 2186 511 2230 nihil.
577 2185 842 2228 Fabularum
877 2186 992 2227 enim
1026 2190 1202 2238 propter
1234 2187 1390 2227 miram
1424 2186 1615 2239 singula-

295 2309 318 2353 ¹)
344 2308 444 2350 Quae
476 2309 535 2344 hic
570 2309 608 2344 in
642 2309 855 2344 uniuersum
894 2309 1138 2355 disputantur,
1178 2309 1298 2354 magis
1332 2309 1615 2345 illustrabuntur

192 2364 231 2399 in
256 2365 390 2400 Alcaeo
417 2368 454 2400 et
479 2365 671 2412 Sapphone
697 2379 730 2412 p.
761 2368 803 2402 14
829 2378 882 2411 sq.
911 2369 946 2401 et
972 2366 1166 2412 praecipue
1193 2379 1225 2412 p.
1253 2368 1309 2402 42.

291 2431 317 2477 ²)
344 2432 544 2478 Tyrtaeum
570 2432 854 2475 Lacedaemonis
868 2433 1079 2477 indigenam
1101 2432 1216 2466 fuisse
1231 2444 1273 2467 ac
1296 2432 1456 2467 nobilem
1476 2433 1615 2473 ducem,

193 2490 386 2533 postquam
413 2488 650 2524 Thierschius
676 2491 745 2524 act.
772 2488 859 2535 phil.
887 2489 1030 2523 Monac.
1058 2489 1108 2522 ΙΙΙ
1136 2501 1168 2534 p.
1188 2489 1256 2524 58?
1285 2500 1362 2534 sqq.
1391 2490 1615 2524 Graecorum

194 2543 356 2590 ipsorum
382 2548 588 2580 commenta
615 2545 762 2587 deleuit,
789 2557 894 2580 nemo
921 2545 999 2580 iure
1026 2545 1229 2590 negauerit.

292 2609 318 2655 ³)
345 2611 390 2645 cf.
416 2610 460 2645 fr.
487 2612 544 2652 23,
588 2612 629 2647 12
656 2623 746 2656 sqq„
785 2613 841 2653 25,
890 2613 945 2653 26,
982 2612 1039 2651 28,
1078 2613 1140 2652 60;
1180 2611 1267 2657 quin
1307 2612 1417 2646 etiam
1456 2611 1616 2646 omnium

199 2665 320 2701 auium
348 2677 387 2701 se
414 2666 547 2701 callere
574 2667 700 2702 modos
726 2668 769 2701 fr.
797 2670 840 2703 67
869 2667 1058 2712 gloriatur.
