1854 3017
724 890 1095 981 [pimetrum.

286 1132 381 1173 Non
424 1132 564 1173 solum
606 1133 657 1173 de
696 1132 871 1185 Aesopo
912 1134 988 1174 sed
1030 1134 1081 1174 de
1133 1134 1325 1185 ipsarum
1373 1133 1619 1174 fabularum

197 1201 361 1253 origine
395 1201 497 1253 quid
516 1200 785 1241 Graecorum
820 1202 995 1253 quidam
1031 1202 1249 1242 senserint
1282 1207 1456 1243 exstant
1490 1203 1621 1243 docu-

198 1274 346 1311 menta
379 1270 640 1311 tenuissima
675 1271 995 1323 copiosissima.
1063 1270 1184 1321 Quae
1231 1285 1316 1324 qua
1363 1272 1491 1324 digna
1534 1272 1621 1313 sint

198 1338 291 1389 fide,
338 1343 474 1380 restat
518 1343 563 1379 ut
606 1339 833 1391 diligenter
871 1344 1208 1391 perscrutemur.
1274 1340 1323 1381 Id
1357 1345 1401 1381 ut
1435 1353 1620 1382 accura-

195 1408 364 1448 tissime
398 1407 516 1459 prius
557 1407 773 1448 faciamus
814 1420 953 1461 quani
985 1409 1219 1461 quicquam
1260 1420 1311 1449 ex
1352 1409 1404 1449 iis
1444 1408 1620 1450 conclu-

196 1476 352 1517 damus
386 1476 498 1517 ratio
532 1476 736 1528 postulat.
788 1477 979 1517 uirorum
1015 1478 1242 1518 doctorum
1279 1490 1437 1529 magna
1471 1491 1621 1520 socor-

196 1545 278 1585 dia.
327 1557 411 1597 qua
452 1545 656 1597 quicquid
700 1545 752 1585 de
786 1544 945 1586 fabulis
980 1545 1034 1585 ah
1068 1545 1231 1586 ultimis
1264 1558 1404 1598 paene
1439 1545 1620 1588 Graecis

195 1613 411 1665 prolatum
446 1618 511 1653 est
556 1617 720 1654 temere
761 1627 813 1654 ac
862 1614 1016 1666 cupide
1059 1615 1345 1666 arripuerunt.
1396 1613 1618 1667 efflagitat.

285 1692 455 1731 Primus
491 1690 733 1743 Aeschylus
769 1696 937 1731 certum
972 1692 1133 1744 aliquid
1168 1692 1219 1732 de
1257 1691 1500 1732 fabularum
1535 1693 1619 1734 ori-

196 1761 293 1812 gine
336 1759 547 1800 iudicauit
580 1760 649 1811 qui
697 1760 737 1799 in
775 1759 822 1800 fr.
860 1760 1011 1813 Myru‘i.
1048 1774 1176 1813 supra
1214 1760 1390 1801 laudato
1426 1760 1617 1802 fabulam

196 1831 450 1868 narraturus
494 1827 560 1867 his
604 1827 827 1879 praefatur
871 1822 892 1864 ὅ
926 1824 965 1863 δ’
996 1824 1087 1865 ἐστι’
1114 1825 1266 1876 μύθων
1299 1826 1378 1864 τῶν
1410 1829 1618 1875 Λιβυστι-

197 1896 278 1933 κῶν
309 1894 469 1947 zia-409¹)
516 1894 678 1950 (de
746 1895 930 1949 Libycas
971 1895 1164 1948 appellat
1208 1895 1390 1937 fabulas.
1456 1888 1616 1937 Verum

195 1964 401 2015 quoniam
437 1970 475 2005 et
513 1965 725 2006 Hesiodus
760 1970 801 2006 et
833 1964 1123 2005 Archilochus
1160 1965 1293 2006 multo
1317 1966 1435 2018 prius
1458 1965 1499 2005 in
1523 1965 1618 2005 uni-

195 2044 369 2073 uersum
425 2033 622 2074 dixerant
674 2032 866 2074 fabulam
923 2025 1040 2070 αῗιόν
1090 2033 1157 2074 uel
1213 2027 1330 2070 αἶνον
1361 2030 1615 2082 ἀνθρώπων.

196 2101 399 2154 Aeschyli
444 2102 555 2142 haec
601 2102 735 2143 uerba
786 2102 981 2143 redolere
1025 2102 1132 2142 mihi
1165 2102 1366 2142 uidentur
1399 2101 1617 2153 singulare

196 2174 350 2221 poetae
393 2169 637 2210 consilium.
688 2184 772 2223 quo
818 2171 900 2211 ille.
951 2183 1080 2223 quam
1126 2169 1300 2211 difficile
1340 2175 1405 2210 est
1438 2170 1618 2211 credere

197 2250 298 2278 rem.
353 2251 449 2279 eam
502 2250 552 2279 ex
602 2243 713 2279 terra
768 2243 937 2280 remota
980 2244 1017 2279 el
1066 2239 1377 2279 miraculorum
1412 2238 1540 2290 plena
1575 2239 1616 2278 in

196 2306 427 2347 Graeciam
463 2308 692 2349 transiisse
726 2308 816 2349 uult
849 2309 1127 2360 persuadere.
1194 2309 1254 2349 De
1294 2320 1399 2348 uera
1443 2306 1617 2349 fabulae

195 2374 318 2415 istius
362 2375 526 2426 origine
569 2377 784 2427 tragicum
830 2380 1003 2428 poetam
1049 2376 1282 2428 quicquam
1331 2375 1398 2415 his
1432 2375 1616 2416 edocere

194 2443 386 2483 uoluisse
420 2456 540 2495 nego.
606 2444 716 2495 Quid
751 2446 865 2485 enim
901 2444 1041 2485 differt
1084 2444 1139 2485 ab
1173 2443 1390 2497 Aeschylo
1425 2456 1617 2485 comme-

195 2516 367 2553 morata
404 2512 549 2553 fabula
584 2514 638 2554 ab
674 2514 862 2560 Hesiodi.¹
897 2513 1162 2555 Archilochi.
1207 2512 1443 2555 Simonidis
1478 2513 1617 2553 omni-

295 2645 318 2688 ¹)
346 2645 450 2689 Apud
478 2645 589 2679 schol.
618 2646 800 2691 Aphthon.
829 2647 922 2690 quod
950 2646 1085 2690 legitur
1120 2642 1183 2681 did·
1218 2650 1289 2682 ἐστι
1316 2660 1355 2691 μ.
1387 2660 1412 2681 1.
1446 2651 1613 2691 Λιβυκῶν

193 2711 230 2739 τι)
258 2709 356 2743 κλέος
384 2703 441 2736 hii·
469 2703 556 2737 nihil
587 2705 706 2738 refert.
