1863 3043
811 194 852 226 19

211 288 403 342 lbycum,
439 288 562 328 cuius
586 288 784 329 carmina
803 289 927 340 epica
952 293 994 329 et
1020 289 1185 330 erotica
1209 288 1379 341 apologi
1412 288 1540 328 ullius

124 356 391 398 mentionem
434 356 506 396 uix
539 356 742 396 uidentur
791 357 1036 408 admisisse,
1078 356 1275 409 mythum
1314 357 1366 398 de
1417 356 1541 397 asino

123 428 167 465 et
197 428 401 476 serpente
434 423 580 476 aliquo
614 425 810 465 carmine
842 424 1084 466 reddidisse
1107 424 1315 465 Aelianus
1349 424 1390 465 h.
1426 436 1464 464 a.
1486 424 1541 465 VI

123 491 177 532 51
213 496 366 533 auctor
399 496 477 532 est.
527 491 581 532 At
614 496 659 532 ut
692 493 892 533 omittam
925 492 1095 534 Aeliani
1127 493 1211 534 hoc
1243 493 1542 534 testimonium

124 560 374 613 suspicione
406 572 494 601 non
528 571 679 601 carere
713 561 920 611 maxima,
955 573 1009 602 ne
1032 560 1279 602 fabularum
1304 561 1478 614 quidem
1500 561 1543 601 in

124 639 308 670 numero
341 627 587 669 ducendam
622 640 720 669 esse
753 627 867 669 hanc
901 628 1175 670 historiolam
1211 629 1465 679 contend03·
1501 629 1542 669 in

123 709 210 750 qua
241 696 548 737 tantummodo
581 696 634 737 de
667 697 860 749 dipsadis
895 697 1060 749 origine
1084 696 1302 738 mirabilia
1325 697 1542 750 quaedam

124 769 360 807 narrantur
393 765 528 806 mixta
560 765 765 806 uidelicet
797 765 926 806 rebus
961 765 1280 819 mythologicis.
1326 765 1386 806 Ea
1419 766 1545 806 nimi-

125 846 234 885 rum,
270 845 383 886 quae
426 838 654 886 tantopere
700 833 909 874 recedant
951 846 977 874 a
1023 833 1269 875 fabularum
1313 834 1460 886 specie
1494 846 1545 874 ac

125 907 295 953 natura,
346 915 446 943 cum
487 903 530 942 in
563 902 866 955 quaestionem
900 901 1035 944 affere
1066 902 1415 943 testimoniorum
1450 902 1546 944 loco

126 971 243 1012 docti
284 971 366 1012 uiri
408 983 495 1011 non
533 970 806 1011 dubitassent
839 975 969 1023 atque
1004 970 1248 1011 fabularum
1284 970 1547 1022 colligenda-

126 1052 222 1080 rum
267 1039 450 1080 studiosi
493 1051 592 1080 cum
633 1039 755 1080 iustis
791 1050 1055 1091 componere
1089 1037 1272 1079 fabulis:
1323 1043 1368 1080 ut
1400 1039 1548 1080 turba-

127 1112 246 1150 retur
276 1108 420 1160 potius
454 1112 495 1148 et
528 1107 840 1149 obscuraretur
873 1107 925 1148 de
949 1106 1196 1148 fabularum
1221 1107 1548 1160 antiquissima-

126 1189 222 1217 rum
241 1177 405 1228 origine
424 1180 466 1216 et
489 1177 746 1217 condicione
765 1176 964 1228 quaestio
983 1188 1167 1217 necesse
1186 1180 1279 1217 erat
1302 1175 1392 1216 fieri
1416 1189 1546 1229 quain

127 1250 174 1285 ut
206 1245 247 1284 in
282 1244 468 1285 clariore
500 1249 734 1297 poneretur
767 1245 876 1286 luce.

217 1331 308 1372 Nec
340 1329 578 1373 Simonidis
621 1330 698 1373 Cei
740 1331 909 1384 amplus
957 1330 1296 1383 fragmentorum
1343 1344 1548 1373 numerus

127 1399 362 1453 quicquam
396 1400 589 1441 continet
608 1399 794 1441 fabulae.
829 1400 975 1441 Vitam
995 1400 1087 1440 eius
1112 1405 1151 1441 et
1176 1412 1321 1441 mores
1345 1401 1416 1453 qui
1439 1400 1551 1442 bene

128 1465 476 1521 exploraueritft.
513 1480 538 1509 a
573 1467 817 1509 fabularum
852 1480 951 1509 eum
985 1467 1176 1508 alienum
1201 1467 1336 1509 fuisse
1358 1469 1550 1520 pondere

129 1541 171 1578 et
203 1536 411 1588 dignitate
443 1549 531 1577 non
565 1537 804 1578 mirabitur.
849 1537 1034 1577 Tantum
1069 1550 1092 1577 a
1116 1534 1427 1590 Diogeniano²i
1460 1537 1551 1575 Κα-

132 1603 246 1654 ρικός
276 1598 393 1649 αἶνος
426 1604 640 1655 laudatur,
677 1606 798 1646 cuius
832 1605 1098 1645 mentionem
1134 1605 1195 1645 ait
1228 1603 1387 1645 fecisse
1410 1603 1552 1646 Simo-

129 1671 276 1712 nidem
311 1669 447 1713 Ceum
483 1672 523 1710 ἐν
552 1672 607 1724 τῷ
637 1669 694 1717 εἰς
723 1669 924 1721 Ὀριλλαιν.
959 1672 1096 1723 Quem
1131 1673 1164 1712 si
1201 1674 1452 1713 accuratius
1486 1673 1551 1712 in-

129 1739 338 1791 spexeris,
389 1738 613 1782 Simonide
647 1739 764 1780 illum
806 1740 979 1792 quidem
1026 1753 1112 1781 non
1161 1741 1381 1792 indignum
1417 1740 1550 1781 fuisse

130 1806 311 1848 homine
354 1806 614 1849 facetiarum
657 1807 860 1860 salseque
893 1808 1107 1849 dictorum
1140 1807 1332 1862 gnaro³)‚
1367 1808 1443 1849 sed
1479 1820 1552 1849 ex-

131 1874 394 1916 cludendum
434 1875 535 1916 hinc
581 1887 679 1917 esse
722 1877 875 1917 eadem
922 1877 974 1917 de
1017 1889 1153 1918 causa
1187 1877 1417 1927 concedes,
1467 1890 1550 1930 qua

129 1942 247 1996 Ibyci
290 1943 420 1985 modo
461 1943 732 1996 repudianda
782 1943 906 1985 nobis
953 1945 996 1985 in
1042 1945 1125 1985 hac
1165 1946 1424 1998 quaestione
1458 1949 1550 1986 erat

130 2012 382 2054 auctoritas.

220 2097 268 2138 In
315 2098 457 2139 insula
504 2097 650 2148 Samo,
701 2098 815 2138 unde
863 2098 980 2150 prior
1025 2098 1271 2140 Simonides
1313 2099 1551 2151 Amorgum

130 2167 351 2208 transtulit
386 2166 570 2217 fabulas,
607 2179 706 2207 cum
740 2166 918 2208 saeculo
951 2171 1047 2219 post
1072 2171 1418 2209 commoraretur
1435 2167 1553 2208 Ana-

131 2247 278 2286 creon,
316 2234 489 2277 fabulas
523 2236 610 2276 iam
644 2241 736 2276 tum
770 2235 881 2276 adeo
915 2235 1116 2276 crederes
1150 2235 1364 2287 floruisse,
1398 2239 1444 2276 ut
1476 2235 1553 2276 ali—

131 2303 233 2356 quid
266 2315 418 2345 earum
450 2304 659 2356 irreperet
692 2303 820 2344 huius
854 2303 896 2343 in
930 2303 1095 2355 poesin.
1131 2303 1185 2344 At
1219 2304 1415 2345 caruisse
1436 2304 1552 2345 hunc

131 2372 249 2414 dicat
281 2373 377 2426 quis
410 2372 571 2413 iudicio
605 2372 656 2412 de
690 2371 821 2412 rebus
854 2370 1041 2424 publicis
1075 2372 1388 2425 hominumque
1422 2373 1553 2414 mori-

233 2515 256 2559 ')
282 2515 381 2550 Bene
417 2527 459 2549 ea
497 2518 534 2550 et
567 2526 676 2560 quam
712 2517 833 2560 potest
872 2514 1089 2548 breuissime
1125 2513 1292 2559 exposita
1317 2513 1555 2549 inueniuntur

131 2571 227 2618 apud
253 2570 416 2606 Sittlium
442 2571 528 2606 hist.
554 2570 626 2606 litt.
654 2572 782 2605 Graec.
810 2571 872 2611 III,
899 2571 944 2606 59
970 2582 1048 2615 sqq.

229 2626 257 2672 ²)
281 2628 394 2674 praef.
419 2626 658 2673 paroemiogr.
687 2627 700 2661 Ι
727 2639 759 2673 p.
788 2628 855 2662 179
881 2627 960 2671 (ed.
987 2625 1422 2671 Leutsch-Schneidew.).

230 2684 257 2727 2’)
284 2683 330 2718 cf.
356 2684 490 2718 Athen.
505 2683 591 2717 V111
620 2684 689 2719 352
701 2683 738 2719 C.
765 2683 851 2717 XIV
878 2683 996 2721 6560.
1011 2683 1054 2718 D.
