1937 3032
833 227 871 260 17

141 325 284 362 utrum
326 320 407 373 pro
447 325 566 362 certo
608 322 740 362 statui
782 334 912 374 posse
944 334 1067 374 nego.
1130 321 1381 363 Inclinatior
1413 326 1560 363 tamen

140 400 264 430 mens
309 401 408 430 mea
452 389 507 430 ad
540 389 749 441 Hartungi
784 394 849 431 est
882 390 1159 440 sententiam,
1208 403 1295 431 non
1329 403 1413 443 quo
1445 390 1559 431 illius

140 468 320 498 mouear
361 457 506 497 causis
553 457 765 498 maiorem
810 461 980 510 partem
1014 456 1238 509 futtihbus,
1289 459 1366 499 sed
1400 459 1502 511 quia
1535 470 1558 499 e

139 529 382 577 temporum
417 524 587 566 illorum
620 525 811 567 tenebris
846 525 963 567 nulla
998 525 1158 576 fabula⁷
1208 527 1291 568 nisi
1330 539 1442 580 quae
1481 540 1559 568 nu-

139 604 357 634 merorum
403 594 641 634 constricta
685 598 779 634 erat
811 595 980 646 uinclis,
1030 596 1275 647 posteritati
1309 595 1461 636 relicta
1494 600 1559 637 est

138 672 232 711 nec,
282 672 393 714 quae
438 665 583 702 cetera
626 661 769 703 soluta
815 663 1012 704 oratione
1055 663 1332 705 Stesichorus
1366 677 1557 717 unquam

137 728 244 769 dixit
285 728 515 781 praeclara
561 733 690 782 atque
732 729 866 781 utilia,
917 742 1066 772 eorum
1099 732 1332 785 quicquam
1367 735 1558 773 aetatem

135 795 242 837 tulit.
275 796 365 837 Nec
402 797 540 848 magis
574 797 819 838 Aristotelis
851 797 996 838 uerbis
1029 793 1136 836 εἶπεν
1167 796 1311 845 αὐτοῖς
1341 798 1463 850 λόγον
1486 812 1559 841 co-

135 864 287 916 gimur,
332 868 379 905 ut
419 865 608 917 pedestri
651 877 853 906 sermone
895 865 1088 906 fabulam
1123 866 1175 906 de
1208 878 1339 908 ceruo
1373 872 1415 908 et
1448 880 1558 921 equo

134 937 358 974 narratam
392 938 593 986 putemus
628 946 738 984 esse,
775 935 890 987 quod
922 935 966 974 in
999 934 1264 986 appellanda
1306 935 1452 977 sabula
1485 936 1557 977 illa

134 1013 220 1042 uox
256 999 378 1050 λόγος
411 1002 499 1043 iam
534 1002 668 1043 multo
693 1006 794 1043 ante
809 1002 1054 1044 Aristotelis
1078 1007 1276 1055 tempora
1300 1015 1440 1055 paene
1464 1004 1559 1045 sola

134 1070 328 1111 inualuit.
392 1070 441 1111 Et
488 1082 540 1112 ne
584 1071 626 1111 in
671 1071 755 1111 hac
789 1071 963 1123 quidem
996 1083 1043 1111 re
1077 1071 1354 1112 decernenda
1387 1072 1558 1113 Aeliani

135 1138 240 1179 mihi
272 1139 444 1179 uidetur
487 1139 808 1180 contemnenda
842 1140 1095 1190 auctoritas,
1142 1140 1210 1192 qui
1260 1145 1465 1191 perorata
1506 1142 1559 1183 de

134 1207 280 1261 aquila
313 1211 356 1248 et
388 1219 582 1248 messore
617 1206 763 1248 sabula
807 1207 917 1248 haec
951 1208 1089 1248 addit:
1127 1207 1229 1257 λέγει
1263 1207 1304 1245 οὲ
1332 1208 1506 1260 Κράτης
1538 1205 1557 1247 ὃ

133 1273 406 1325 Περγαμηνὸς
427 1271 527 1325 ὑπὲρ
555 1274 714 1312 vivum
736 1274 809 1313 καί
829 1279 899 1313 τὸν
921 1273 1185 1326 Στησίχορον
1207 1269 1317 1328 ᾄδει
1332 1290 1349 1313 v
1380 1272 1430 1312 ἔν
1459 1289 1555 1313 τινι

133 1339 379 1393 ποιήματι
410 1339 481 1379 οὒκ
512 1340 817 1394 ἐκφοιτήσαντί
832 1356 910 1379 που
933 1340 989 1387 εἰς
1024 1340 1213 1390 πολλοὺς,
1253 1339 1399 1390 σεμνόν
1421 1357 1462 1380 τε
1486 1342 1558 1380 καί

135 1406 324 1458 ἀρχαῖον,
355 1405 410 1454 ὥς
441 1423 483 1459 γε
515 1408 667 1458 κρίνειν
697 1408 781 1457 ἐμέ,
813 1410 880 1448 τὸν
908 1407 1102 1459 μάρτυρα
1133 1407 1316 1458 εἰςάγων.

223 1475 331 1518 Cum
364 1476 491 1527 igitur
508 1475 786 1518 Stesichorus
812 1476 983 1518 fabulas
1005 1481 1274 1529 usurpasset,
1310 1477 1442 1518 etiam
1465 1478 1556 1518 eius

134 1543 303 1585 ciuibus
338 1543 509 1585 fabulas
542 1548 634 1584 tum
668 1558 756 1585 non
788 1545 876 1586 iam
910 1546 1080 1597 ignotas
1105 1549 1179 1586 aut
1202 1546 1398 1586 insuetas
1422 1546 1557 1586 fuisse

133 1612 340 1665 sequitur.
405 1613 460 1653 At
493 1613 565 1665 qui
600 1614 729 1654 modo
762 1614 968 1655 Doricam
1002 1618 1173 1665 gentem
1208 1613 1399 1655 alienam
1433 1627 1459 1655 a
1494 1614 1557 1655 fa-

133 1680 244 1721 bulis
278 1679 412 1722 fuisse
445 1684 753 1732 statueramus,
789 1682 907 1734 ipsos
941 1686 1091 1723 nostra
1110 1694 1225 1723 nunc
1249 1683 1554 1735 disputatione,

133 1749 248 1802 quod
294 1748 364 1790 ille
406 1749 564 1790 Dorica
610 1749 662 1790 de
696 1754 822 1801 gente
855 1754 949 1791 erat
981 1754 1114 1797 ortus,
1168 1749 1305 1792 refelli
1339 1751 1555 1804 quispiam

133 1817 300 1858 dixerit.
335 1817 511 1858 Minime
545 1829 663 1858 uero.
696 1817 809 1858 Nam
842 1819 957 1871 quod
990 1819 1215 1859 Himeram
1248 1819 1434 1860 alteram
1454 1833 1555 1872 par-

132 1889 220 1926 tem
252 1885 389 1927 Dores
422 1885 606 1926 alteram
639 1885 848 1927 tenebant
880 1887 1018 1937 lones,
1054 1886 1134 1927 hos
1159 1885 1404 1927 fabularum
1427 1900 1555 1928 usum

133 1953 331 1995 intulisse
364 1954 407 1994 in
440 1953 594 1994 urbem
626 1954 718 1995 ueri
753 1953 894 1995 simile
928 1958 1006 2005 est,
1059 1954 1115 1995 ad
1148 1967 1332 2007 quorum
1366 1955 1554 1996 indolem

133 2034 186 2063 ac
203 2034 451 2063 sermonem
475 2021 776 2064 Stesichorum
795 2023 928 2063 etiam
946 2023 1200 2063 uniuersam
1220 2036 1345 2064 suam
1369 2025 1555 2065 canendi

132 2091 348 2132 rationem
381 2089 675 2132 conformauit
691 2089 733 2145 ¹).

221 2158 402 2200 Duabus
435 2158 696 2211 imaginibus
728 2159 927 2211 praedita
960 2163 1061 2200 sunt
1093 2158 1266 2201 Solonis
1309 2158 1555 2211 fragmenta

134 2226 189 2268 ab
222 2227 477 2268 animalium
511 2231 668 2268 natura
701 2232 743 2268 et
766 2228 1081 2269 consuetudine
1102 2228 1260 2280 petitis,
1296 2240 1408 2281 quae
1428 2229 1556 2269 nimi-

134 2308 228 2336 rum
261 2295 317 2336 ad
351 2294 521 2336 fabulas
553 2307 688 2348 prope
722 2295 936 2336 accedere
968 2296 1109 2348 primo
1133 2295 1286 2336 obtutu
1307 2297 1552 2337 uideantur.

134 2363 326 2414 Quarum
369 2364 508 2405 altera
550 2363 598 2404 fr.
634 2363 734 2415 37‚6
776 2368 823 2404 ut
854 2368 972 2405 recte
1005 2364 1281 2416 intellegatur
1314 2377 1422 2417 opus
1457 2376 1555 2406 esse

136 2430 379 2473 fabularum
413 2433 659 2484 cognitione
704 2432 904 2485 equidem
946 2443 1069 2484 nego.
1135 2432 1272 2474 Immo
1315 2445 1427 2486 quae
1471 2433 1555 2474 illis

233 2547 256 2590 ¹)
282 2547 327 2581 cf.
355 2546 412 2581 Ot.
428 2547 552 2582 Muell.
578 2547 664 2582 hist.
679 2547 749 2582 litt.
766 2547 826 2583 Gr.
843 2548 904 2593 Ip.
917 2549 983 2584 361
1003 2550 1040 2582 et
1058 2548 1253 2594 praecipue
1275 2548 1364 2582 Rob.
1384 2548 1554 2582 Holsteni

133 2603 220 2638 diss.
247 2603 370 2648 inaug.
397 2603 666 2650 Gryphiswald.
698 2604 771 2646 „De
798 2603 997 2638 Stesichori
1023 2606 1060 2639 et
1085 2604 1187 2650 Ibyci
1214 2604 1370 2639 dialecto
1399 2606 1435 2638 et
1452 2603 1555 2650 copia

133 2659 345 2694 uerborum“
375 2660 508 2704 (1884).
535 2659 736 2694 Oblocutus
762 2660 968 2706 nuperrime
995 2662 1053 2695 est
1079 2660 1242 2695 Hillerus
1267 2660 1305 2694 in
1338 2661 1443 2695 Burs.
1471 2673 1554 2695 ann.

136 2717 225 2752 1886
251 2715 322 2750 uol.
349 2719 406 2752 46.
1437 2762 1454 2787 ·)
