1863 3043
785 166 824 198 41

97 257 203 299 nihil
235 258 376 300 simile
409 264 604 311 apparet.
669 259 818 312 Neque
864 260 978 300 enim
1019 259 1104 300 alio
1139 258 1323 300 consilio
1356 259 1440 299 nisi
1474 264 1520 299 ut

95 326 278 379 parodia
311 326 557 368 eluderetur
589 327 760 368 diuinus
794 332 923 379 poeta
958 332 1052 368 orta
1087 326 1158 367 illa
1193 332 1271 367 est.
1318 326 1408 367 Hoc
1443 339 1520 367 au-

95 399 184 436 tem
226 395 465 436 maximum
509 395 622 436 inter
663 395 781 436 illam
828 401 867 436 et
917 395 1086 436 fabulas
1133 407 1231 436 esse
1282 395 1519 436 discrimen

95 463 494 504 animaduerterim.
544 464 658 516 quod
705 465 747 504 in
780 464 846 504 his
880 464 1082 505 diuersae
1115 468 1394 516 opponuntur
1425 464 1520 504 ani-

95 530 274 572 malium
317 535 503 572 naturae
545 538 586 573 et
630 545 773 574 mores
818 533 1036 574 humanis.
1086 534 1128 574 in
1173 532 1245 574 illa
1290 532 1517 574 hominum

93 599 201 640 ritus
234 603 276 640 et
309 611 454 640 mores
487 599 675 652 illepido.
712 607 755 642 ut
791 601 1010 642 nonnullis
1030 602 1213 643 uidetur.
1239 602 1369 642 modo
1394 606 1434 642 et
1457 601 1520 640 in-

95 666 221 708 ficeto
252 665 465 709 bestiolae
498 670 715 721 quaedam
751 670 989 710 imitantur.

180 735 244 777 Ac
276 747 332 777 ne
364 735 439 777 ulli
473 736 526 777 de
556 736 804 778 fabularum
830 738 1237 790 antiquissimarum
1261 737 1519 778 condicione

94 807 137 845 et
182 805 348 858 origine
398 806 651 858 quaerentis
699 806 812 857 parti
859 804 1050 846 defuisse
1092 806 1257 856 uidear,
1309 818 1516 846 uasorum

93 872 377 916 Graecorum.
412 885 700 926 quaecunque
733 879 1046 915 enumerantur
1072 875 1116 914 in
1139 874 1352 926 catalogis
1377 874 1517 914 musei

93 940 402 991 Berolinensis,
468 940 791 983 Monachensis.
848 942 1174 994 Petropolitani.
1224 941 1515 994 Neapolitani.

92 1010 268 1051 etiamsi
299 1009 515 1062 permulta
547 1022 617 1051 res
652 1023 676 1051 a
712 1011 777 1051 dis
812 1015 852 1051 et
887 1010 1092 1052 heroibus
1116 1015 1261 1061 gestas
1286 1014 1360 1050 aut
1384 1022 1518 1062 opera

92 1078 319 1120 hominum
353 1078 573 1120 cotidiana
607 1084 681 1121 aut
702 1079 958 1120 animalium
983 1078 1144 1131 efligies
1180 1080 1339 1120 mixtas
1364 1079 1520 1120 huma·

98 1147 166 1188 nis
199 1145 453 1188 describunt
487 1152 618 1200 atque
651 1148 762 1189 adeo
812 1159 952 1200 paene
1001 1161 1134 1188 unum
1185 1147 1385 1200 quodque
1426 1159 1520 1188 am-

93 1213 228 1256 beunt
259 1214 455 1256 nonnulli
478 1214 626 1256 circuli
663 1214 838 1256 beluati.
873 1220 1023 1256 tamen
1056 1216 1099 1256 in
1133 1215 1250 1255 nullo
1283 1215 1517 1268 quicquain

95 1283 299 1333 cernitur,
334 1283 449 1336 quod
482 1283 538 1324 ad
572 1282 819 1324 fabularum
852 1285 1066 1326 rationem
1103 1283 1171 1324 uel
1194 1284 1395 1324 uideatur
1419 1295 1519 1335 pro-

94 1351 191 1405 pius
239 1352 465 1393 accedere.
531 1351 576 1392 Id
616 1364 883 1405 quamquam
919 1353 1040 1393 nimii
1077 1351 1222 1393 facere
1254 1351 1402 1398 nolim.v
1451 1356 1519 1391 ta-

94 1431 197 1461 men
240 1419 451 1472 singulari
495 1419 742 1461 fabularum
786 1421 901 1472 apud
942 1419 1136 1462 Graecos
1169 1420 1417 1461 condicioni
1451 1431 1519 1460 re-

93 1489 310 1542 spondere
344 1488 448 1529 mihi
482 1489 653 1530 uidetur
685 1489 951 1542 digitumque
983 1490 1026 1529 in
1061 1489 1103 1529 id
1136 1488 1375 1529 intendisse
1409 1488 1518 1529 satis

94 1557 251 1599 habeo.

179 1684 426 1726 Admodum
471 1685 599 1737 igitur
642 1686 855 1726 minutam
891 1684 1024 1726 fuisse
1060 1684 1306 1726 fabularum
1341 1683 1515 1725 laudem

91 1758 134 1794 et
176 1752 339 1794 famam
382 1753 690 1795 Demosthenis
735 1758 775 1794 et
809 1753 1054 1794 Aristotelis
1105 1758 1249 1794 aetate
1289 1753 1516 1794 euicimus.

90 1821 146 1862 At
178 1821 336 1864 horum
373 1826 622 1875 temporum
665 1822 825 1863 dixeris
869 1823 912 1862 in
947 1823 1240 1863 monumentis
1275 1834 1328 1862 ac
1362 1820 1516 1862 litteris

92 1889 190 1931 illas
222 1890 398 1944 quidem
432 1903 520 1932 non
552 1902 780 1942 apparere.
831 1890 1052 1932 cotidiano
1098 1895 1247 1931 tamen
1292 1890 1516 1930 hominum

92 1970 173 1999 usu
207 1958 354 2010 uigere
385 1970 472 2000 non
518 1958 713 1999 desiisse.
779 1958 871 1998 Hoc
910 1958 1038 1998 nimis
1084 1963 1234 2010 argute
1277 1957 1517 2010 obloquare

92 2037 233 2080 neque
263 2038 343 2079 ego
377 2026 467 2068 lieri
501 2027 584 2068 illis
626 2026 894 2079 temporibus
938 2039 1130 2080 unquam
1173 2026 1366 2079 potuisse
1415 2037 1519 2067 con-

91 2094 238 2136 tendo.
302 2094 494 2136 Primum
530 2095 646 2137 enirn
682 2094 770 2136 fere
803 2100 971 2148 septem
1006 2094 1284 2136 saeculorum
1316 2106 1518 2146 perscru-

89 2162 194 2203 tatis
233 2163 425 2216 spatium
469 2175 523 2204 ne
555 2163 817 2204 tenuissima
850 2162 1024 2215 quidem
1060 2162 1253 2214 suspicio
1287 2161 1414 2203 nobis
1448 2166 1515 2202 est

90 2231 245 2274 oborta
290 2233 334 2274 in
384 2233 699 2275 consuetudine
742 2233 968 2274 hominum
1019 2232 1190 2273 fabulas
1239 2233 1371 2274 etiam
1419 2231 1516 2273 aliis

94 2301 348 2344 inseruiisse
381 2303 526 2344 causis
546 2307 676 2355 atque
711 2303 754 2342 in
788 2301 954 2343 litteris.
990 2302 1165 2354 Ecquae
1198 2301 1313 2342 enim
1348 2305 1518 2342 restant

93 2380 271 2420 causae,
305 2370 349 2411 in
382 2369 537 2424 quibus
571 2371 626 2411 acl
660 2369 831 2411 fabulas
866 2370 1109 2411 narrandas
1134 2369 1418 2410 descendisse
1440 2381 1518 2422 pu-

91 2437 227 2479 tanda
259 2438 315 2480 sit
351 2443 549 2480 ueterum
585 2437 852 2481 Graecorum
888 2439 1188 2479 consuetudo?
1250 2437 1318 2478 An
1351 2438 1395 2478 in
1427 2442 1518 2478 tra-

92 2505 247 2547 dendis
288 2519 458 2548 morum
503 2507 762 2559 praeceptis.
813 2519 899 2560 qua
933 2518 956 2547 e
988 2518 1035 2548 re
1068 2511 1221 2548 contra
1254 2506 1515 2547 nostratium

90 2575 453 2617 consuetudinem
486 2587 513 2616 a
546 2574 814 2617 Graecorum
849 2575 1162 2627 gnomologicis
1197 2573 1418 2616 ueteribus
1453 2573 1516 2615 fa-

91 2641 218 2684 bulas
250 2643 453 2685 exclusas
486 2643 675 2684 uidimus
709 2643 837 2684 esse'?
871 2643 934 2684 An
969 2643 1012 2683 in
1045 2642 1317 2684 oblectandis
1341 2641 1518 2683 infanti-
