1854 3017
1001 146 1044 179 3¹5

315 243 534 294 ἑπειὼξπιρ
567 242 658 292 τῆν
688 241 903 291 λεοντῆν
936 240 1150 287 ἐνδέδυκα,
1175 237 1246 279 οὐκ
1272 237 1596 289 ἀποδειλιατέον,
1620 253 1733 294 quae

314 312 368 352 ad
405 310 487 351 fab.
537 309 622 350 333
670 315 712 350 et
757 308 843 349 336
890 308 1084 349 alludere
1118 312 1284 349 certum
1325 311 1402 357 est,
1451 312 1493 348 et
1533 308 1730 361 Xenoph.

315 391 441 419 mem,
463 379 500 417 2,
523 378 560 417 7,
587 378 637 417 13
672 370 744 414 §lt'
775 374 823 414 οὐ
851 375 981 425 λέγῃς
1012 371 1162 420 αὐταῖς
1192 375 1263 413 τὸν
1293 374 1378 412 τοῦ
1407 375 1559 422 κυνὸς
1590 375 1733 429 >.όγοι’;

316 445 425 497 φασί
469 447 558 497 γάρ,
602 443 665 483 ὅτε
709 442 927 494 φωνήεντα
961 434 1009 492 ἢν
1042 445 1091 479 τα
1127 441 1210 494 ζῷα
1229 440 1272 495 11),
1323 441 1395 488 τῆν
1438 436 1500 480 οἷν
1530 441 1631 492 πρός
1664 444 1735 483 τόν

315 512 517 563 δεσπότην
547 511 674 551 eines„
704 513 773 548 κτλ
805 522 1071 563 quamquain
1093 509 1321 552 Socratem
1359 523 1515 552 reuera
1542 524 1734 565 unquam

318 580 472 621 fecisse
516 580 587 620 illa
629 579 765 620 uerba
809 583 963 620 neutro
1005 579 1114 619 satis
1148 578 1391 621 affirmatur
1423 579 1534 631 loco,
1586 585 1735 622 tamen

315 653 541 690 Socratem
576 649 619 688 in
650 659 724 689 ore
758 647 966 688 habuisse
1001 646 1172 688 fabulas
1207 648 1496 701 comprobare
1519 650 1734 691 uidentur.

315 718 399 759 Sed
433 717 533 769 quid
567 717 610 756 in
644 715 824 756 tantillis
859 728 1084 757 moramur
1117 716 1303 767 indiciis,
1339 729 1438 758 cum
1474 718 1606 759 etiam
1640 730 1737 759 car-

315 787 429 826 mine
464 785 712 826 condidisse
737 783 966 825 Socratem
1001 782 1173 825 fabulas
1207 785 1359 836 paucis
1393 790 1630 839 antequam
1663 788 1737 828 de-

314 855 447 895 cessit
495 853 613 894 horis
657 852 780 893 Plato
827 852 1098 893 certissimus
1131 853 1187 893 sit
1220 857 1374 893 auctor
1406 853 1567 895 Phaed.
1602 854 1655 895 61
1673 855 1735 896 B?

314 923 589 974 Quamquam
633 920 747 973 quod
790 920 908 971 Diog.
950 920 1090 961 Laert.
1126 920 1159 961 II
1194 920 1250 961 42
1286 920 1461 963 fabulae
1494 935 1520 963 a
1553 921 1736 965 Socrate

314 995 452 1031 metro
485 990 645 1041 ligatae
678 989 847 1030 initium
882 1001 929 1029 se
963 988 1126 1030 habere
1159 993 1283 1041 putat
1315 991 1550 1041 genuinum
1595 1003 1736 1044 paene

315 1064 463 1100 mouet
494 1059 646 1099 risum.

401 1127 491 1167 lam
535 1126 845 1177 consideranti,
890 1138 1001 1179 quae
1045 1124 1173 1166 fuerit
1217 1124 1466 1168 fabularum
1509 1140 1646 1181 usque
1679 1129 1735 1170 ad

314 1195 415 1235 illud
448 1199 619 1246 tempus
654 1194 768 1246 apud
791 1192 985 1235 Graecos
1005 1194 1205 1235 condicio
1239 1199 1281 1235 et
1313 1195 1385 1247 qui
1418 1195 1509 1236 lieri
1536 1197 1735 1248 potuerit,

314 1268 357 1303 ut
390 1262 609 1313 Socrates,
659 1276 759 1303 cum
794 1261 966 1303 fabulas
1001 1261 1171 1315 aliquas
1205 1267 1247 1303 et
1279 1263 1491 1316 hymnum
1523 1263 1736 1317 Apollinis

412 1382 435 1426 ¹)
462 1380 713 1427 Xenophontis
739 1380 836 1414 hunc
862 1379 982 1414 locum
1009 1380 1053 1413 ob
1080 1379 1286 1426 complures
1313 1392 1444 1416 causas
1464 1381 1735 1416 memorabilem

313 1441 410 1483 puto.
454 1437 600 1472 Omissa
636 1437 792 1483 primuni
819 1436 954 1482 Aesopi
991 1436 1145 1477 menti0;
1174 1436 1278 1471 cuius
1304 1437 1394 1479 loco,
1430 1437 1599 1482 quamuis
1625 1449 1735 1484 saepe

313 1494 480 1529 Socrates
508 1494 641 1540 Aesopi
668 1506 799 1528 nomen
827 1496 863 1528 et
889 1494 1147 1528 auctoritatem
1173 1494 1382 1529 laudauerit
1408 1494 1519 1529 etiam
1551 1494 1642 1529 locis
1675 1507 1735 1540 pa—

313 1563 390 1585 rum
426 1551 578 1589 idoneis,
618 1551 820 1596 Xenophon
860 1550 1004 1596 copiose
1040 1551 1144 1585 illum
1181 1551 1273 1586 facit
1307 1551 1557 1586 exordientem
1590 1558 1650 1588 τόν
1678 1558 1740 1588 τοῦ

313 1618 418 1652 κυνὸς
443 1615 549 1659 λόγον
577 1611 648 1646 sio:
676 1618 765 1658 quoi
795 1614 878 1659 γάρ,
906 1615 961 1664 6¹16
988 1627 1027 1658 φ.
1056 1614 1085 1655 ιῘ.
1113 1628 1139 1647 τ.
1168 1617 1195 1654 ζ,
1232 1611 1357 1646 Etiam
1393 1612 1461 1647 hoc
1496 1624 1632 1647 nouum
1667 1615 1734 1648 est.

313 1670 514 1712 Quasiuero
550 1684 589 1706 se
623 1671 701 1716 ipse
736 1671 782 1705 iis
818 1683 996 1706 excusare
1031 1671 1200 1713 uoluerit,
1240 1672 1335 1716 quod
1361 1683 1420 1706 res
1445 1674 1521 1706 tam
1547 1672 1735 1707 mirabiles

313 1732 487 1762 narraret.
515 1729 567 1762 Ac
592 1729 768 1773 profecto,
794 1727 886 1762 talia
901 1727 934 1761 si
959 1727 1042 1771 quis
1064 1727 1140 1762 illis
1165 1728 1403 1773 temporibus,
1432 1728 1565 1773 quibus
1584 1729 1731 1764 fabulae

312 1785 467 1830 primum
505 1784 656 1819 Graecis
689 1784 938 1825 innotuerunt,
978 1784 1141 1818 fabulam
1168 1787 1384 1820 narraturus
1411 1787 1509 1819 esset
1534 1785 1734 1830 praefatus,

312 1853 416 1875 nemo
443 1841 656 1875 miraretur:
698 1840 933 1886 Xenophonti
960 1852 1024 1874 cur
1051 1841 1119 1874 hoc
1146 1840 1396 1875 additamento
1422 1840 1572 1875 insolito
1600 1844 1636 1876 et
1662 1853 1735 1876 mo-

312 1898 403 1932 lesto
440 1909 530 1943 opus
566 1909 647 1932 esse
686 1897 807 1932 uisum
833 1897 893 1934 sit,
934 1909 1083 1932 causam
1111 1898 1259 1933 inuenio
1286 1898 1425 1933 nullam
1452 1898 1523 1932 nisi
1550 1898 1645 1943 quod
1671 1898 1735 1933 ille

313 1966 353 1987 ca
382 1957 513 1995 aetate,
557 1966 628 1998 qua
654 1953 906 1988 memorabilia
941 1954 1103 1988 Socratis
1129 1954 1350 2000 conscripsit
1375 1956 1484 2000 (post
1509 1966 1542 1990 a.
1569 1955 1659 2000 385)
1684 1956 1736 1990 fa-

313 2010 478 2044 bularum
506 2010 753 2055 cognitionem
780 2013 844 2044 aut
870 2022 976 2044 usum
1003 2005 1335 2056 auctoritatemque
1367 2011 1464 2046 inter
1495 2011 1654 2047 Graecos
1675 2012 1735 2046 ad-

313 2067 457 2100 modum
486 2067 665 2101 defecisse
692 2066 1021 2101 animaduertebat.
1049 2066 1166 2100 Simili
1194 2069 1398 2102 commotus
1423 2067 1565 2102 ratione
1579 2068 1736 2103 Babrius

313 2123 516 2157 fabularum
545 2135 691 2158 suarum
719 2123 852 2158 librum
880 2123 916 2157 in
932 2123 1049 2158 lucem
1065 2136 1147 2158 cum
1175 2124 1339 2159 editurus
1366 2126 1475 2165 esset,
1502 2127 1543 2159 ut
1560 2124 1668 2159 fidem
1688 2124 1735 2160 iis

311 2179 467 2224 primum
493 2182 643 2220 faceret,
667 2180 710 2214 de
737 2192 847 2214 aurea
873 2182 1005 2222 aetate,
1033 2192 1104 2225 qua
1131 2180 1304 2215 animalia
1331 2180 1489 2216 humana
1516 2193 1605 2216 uoce
1631 2193 1733 2227 prae—

312 2235 387 2270 dita
414 2236 528 2270 fuisse
555 2237 805 2277 tradebantur,
832 2237 1010 2282 profanda
1030 2236 1101 2271 sibi
1118 2237 1294 2271 nonnulla
1312 2237 1348 2271 in
1366 2237 1549 2283 prooemio
1567 2238 1732 2283 putabat.

315 2292 403 2325 ltem
440 2292 633 2326 Menenius
667 2292 831 2338 Agrippa
865 2292 962 2338 plebi
999 2293 1174 2334 fabulam,
1213 2305 1306 2338 quae
1342 2294 1385 2328 ad
1413 2293 1503 2328 illud
1528 2295 1674 2339 teinpus
1700 2294 1733 2328 ei

312 2348 466 2382 fortasse
493 2349 639 2383 omnino
665 2349 831 2383 inaudita
858 2352 946 2390 erat,
973 2350 1126 2395 probare
1152 2350 1275 2384 uerbis
1301 2349 1486 2384 studuisse
1513 2350 1570 2385 his
1591 2362 1612 2384 a
1629 2350 1733 2385 Liuio

317 2404 341 2436 Il
372 2405 416 2439 32
445 2405 620 2440 traditur:
649 2408 848 2452 tempore
875 2419 957 2451 quo
985 2406 1027 2440 in
1055 2407 1234 2441 homine
1253 2419 1339 2441 non
1366 2409 1412 2442 ut
1436 2419 1555 2441 nunc
1582 2406 1736 2442 omnia

312 2461 352 2494 in
392 2474 520 2495 unum
562 2463 940 2499 consentientia.
983 2465 1060 2498 sed
1096 2464 1299 2508 singulis
1335 2464 1564 2499 membris
1602 2476 1735 2499 suum

320 2518 481 2562 cuique
509 2518 758 2553 consilium
787 2531 898 2554 suus
933 2532 1080 2554 sermo
1119 2521 1285 2561 fuerit,
1324 2520 1537 2565 indignatas
1571 2521 1734 2566 reliquas

315 2583 435 2618 partes
462 2578 528 2608 etc.
582 2575 804 2616 Quibuscum
833 2576 988 2621 denique
1016 2578 1183 2611 conferas
1209 2577 1300 2611 Plat.
1327 2576 1428 2622 polit.
1456 2577 1563 2612 272ss
1589 2589 1642 2622 sq.
1679 2577 1733 2612 De

312 2631 431 2664 uerbis
461 2639 516 2666 ιιὶν
548 2640 602 2667 ιω
630 2640 735 2671 xmo,-
763 2638 865 2681 misor
892 2633 990 2667 infra
1018 2633 1159 2668 dicetur
1186 2646 1217 2679 p.
1249 2635 1305 2669 86.
