1863 3043
771 143 811 174 31

83 238 176 278 istis
209 238 262 278 de
296 236 454 278 sabulis
488 237 625 289 ipsius
659 241 805 278 aetate
840 238 1052 278 creditum
1094 236 1343 278 hominibus
1380 238 1500 278 suerit

79 306 380 359 ignoramus.“
415 305 460 346 ln
493 310 751 345 transcursu
784 305 959 358 quidem
996 305 1066 346 illa
1101 305 1153 346 de
1185 305 1360 358 Aesopo
1405 317 1504 346 nar-

80 380 177 416 rata
211 386 309 416 esse
342 375 435 427 ipse
469 374 678 416 concedo.
723 373 808 416 Sed
841 387 995 427 parum
1028 375 1263 427 prudenter
1295 378 1333 414 et
1369 386 1502 414 accu-

80 448 174 485 rate
218 443 336 484 illum
379 443 421 483 in
466 443 592 484 buius
634 442 716 484 loci
765 443 995 484 consilium
1029 448 1069 483 et
1105 442 1289 484 indolem
1325 442 1503 495 inquisi-

78 512 208 553 uisse.
245 516 290 552 ut
323 523 422 552 eum
455 510 613 552 tantilli
650 512 809 553 faceret
848 517 1058 565 tantaque
1081 511 1136 552 ab
1159 524 1328 552 eocum
1348 511 1502 563 despe—

76 579 248 621 ratione
281 579 538 620 discederet.
575 591 627 620 ex
661 579 712 619 iis
747 592 858 632 quae
892 580 1099 631 deinceps
1134 579 1332 620 dicentur
1366 591 1501 631 appa-

78 647 200 689 rebit.
235 647 322 689 Sed
355 659 434 699 ego
468 648 637 688 medius
662 648 787 688 lidius
811 649 988 689 omnino
1012 647 1378 699 proficiscendum
1402 659 1500 688 esse

77 716 133 758 ab
167 717 373 758 Herodoti
407 717 504 757 loco
539 729 604 757 ac.
641 717 723 757 nisi
758 717 910 758 iisdem
945 716 1271 757 difficultatibus
1306 720 1344 756 et
1381 728 1499 757 erro—

77 784 196 826 ribus
230 784 442 837 implicari
479 798 559 826 nos
594 784 794 826 uolumus
829 790 958 837 atque
983 785 1140 825 ceteris
1163 785 1335 837 accidit,
1368 785 1498 825 totius

75 853 130 894 de
162 853 336 906 Aesopo
382 853 652 906 quaestionis
697 866 916 894 summam
961 859 1064 905 puto
1109 854 1151 893 in
1191 865 1239 894 ca
1275 853 1370 894 sola
1403 865 1499 894 uer-

76 925 165 965 sari
199 936 346 977 opera,
382 924 508 965 huius
544 924 774 965 uerborum
811 929 856 965 ut
890 924 1218 975 diligentissime
1258 925 1500 976 perpenda-

76 998 144 1033 tur
187 1004 343 1034 sensus
381 993 630 1044 exploretur
673 993 903 1033 consilinm
950 993 1206 1033 aestimetur
1257 993 1359 1033 tides
1401 991 1497 1033 fons

77 1061 317 1113 indagetur.

168 1129 309 1182 Atque
342 1134 478 1170 totam
504 1130 707 1170 Herodoti
730 1130 782 1170 de
802 1130 975 1181 Aesopo
1001 1129 1298 1169 narrationem
1323 1130 1364 1169 in
1389 1130 1497 1170 duas

74 1198 300 1239 discedere
332 1203 479 1250 part-es
514 1198 677 1239 nemini
712 1198 855 1238 adhuc
889 1197 1003 1250 quod
1037 1198 1175 1237 sciam
1201 1202 1265 1238 est
1289 1197 1498 1238 obserua-

76 1271 180 1307 tum.
214 1265 364 1307 Altera
397 1266 512 1306 enim
548 1271 670 1318 parte
704 1278 816 1319 quae
850 1266 937 1306 iam
971 1270 1070 1306 noto
1109 1265 1366 1317 aequalibus
1400 1277 1496 1306 esse

76 1335 168 1387 ipse
200 1334 369 1375 sciebat
404 1334 661 1375 breuissime
694 1338 942 1385 tanguntur.
979 1333 1184 1374 Facultas
1213 1334 1387 1386 quidem
1411 1347 1495 1387 qua

75 1402 280 1455 polluisse
313 1403 469 1444 dicitur
502 1403 698 1454 Aesopus
735 1402 994 1454 laudemque
1028 1401 1109 1442 sibi
1134 1403 1299 1454 peperit
1323 1403 1497 1444 immor-

71 1471 205 1512 talem
239 1471 507 1522 significatur
539 1471 629 1512 sola
667 1471 940 1524 appositione
967 1470 1037 1509 τοῦ
1061 1470 1287 1518 λογοποιοῦ.
1324 1471 1493 1512 Etcum

74 1541 116 1580 in
150 1539 216 1580 his
248 1538 344 1577 ἐπεί
365 1553 405 1577 τε
434 1538 511 1590 γὰρ
544 1570 552 1578 .
584 1570 591 1577 .
624 1570 632 1577 .
664 1535 890 1577 ἀνελέσθαι
928 1551 1008 1579 nec
1043 1551 1124 1591 quit
1162 1537 1496 1588 ‹·;1[ls:13÷on9‹3-

74 1621 169 1645 πων
209 1607 387 1648 ediderit
436 1606 638 1647 Phoebus
684 1618 764 1647 nes:
804 1620 888 1658 qua
932 1607 1054 1658 culpa
1105 1618 1182 1646 ne‹¹
1229 1619 1314 1659 quo
1365 1608 1494 1648 modo

72 1679 256 1716 mortem
293 1675 361 1715 ille
395 1675 570 1727 Delphis
604 1675 783 1715 subierit
819 1687 871 1716 ne
908 1674 1038 1716 uerbo
1085 1676 1256 1727 quidem
1305 1675 1360 1715 sit
1405 1688 1494 1715 me-

71 1748 311 1785 moratum:
363 1744 414 1784 ds·
459 1744 509 1784 iis
553 1743 683 1784 rebus
729 1749 875 1795 utpote
917 1744 1119 1784 omnibus
1164 1756 1249 1784 non
1285 1743 1491 1794 ignoratis·

72 1811 176 1852 nihil
210 1812 395 1864 amplius
430 1814 588 1853 docere
622 1812 701 1853 sibi
737 1825 845 1864 opus
880 1824 989 1853 esse.
1026 1812 1282 1864 praesertim
1307 1824 1406 1852 cum
1429 1816 1493 1853 to-

70 1884 160 1920 tam
196 1880 238 1920 in
258 1884 512 1921 transcursu
537 1881 746 1931 tetigisset
764 1892 868 1921 rem.
906 1880 1150 1921 Herodotus
1187 1880 1278 1920 iure
1311 1880 1490 1931 putauit.

69 1946 217 1988 Altera
251 1953 396 1988 autem
431 1953 552 2000 parte
587 1949 792 1990 Herodoti
820 1949 1051 2000 plurimum
1076 1948 1324 1989 interfuisse
1346 1953 1492 1989 osten-

68 2016 172 2056 ‹lere
211 2028 323 2068 quae
367 2029 480 2058 noua
529 2018 618 2069 ipse
662 2018 714 2058 ‹le
758 2017 930 2069 Aesopo
977 2017 1263 2069 comperisset
1313 2028 1364 2057 ex
1400 2021 1489 2058 tota

68 2084 162 2125 eius
194 2084 362 2125 dicendi
399 2086 566 2127 ratione
599 2085 733 2138 probe
767 2087 1056 2137 Cognoscitur.
1092 2086 1203 2126 Nam
1238 2084 1383 2125 uerbis
1419 2084 1492 2123 καί

67 2151 145 2201 γὰρ
174 2142 288 2198 οὗτος
322 2148 534 2201 Ἰάδμονος
564 2152 722 2203 ἐγένετο
759 2159 967 2207 tanquam
990 2154 1192 2207 proponit
1215 2165 1321 2203 rem⁷
1359 2165 1490 2208 quam

68 2218 447 2261 demonstraturus
482 2225 559 2261 est.
595 2221 759 2263 Deinde
793 2227 1047 2274 argumenta
1084 2222 1191 2263 satis
1217 2221 1353 2262 multa
1377 2225 1490 2261 attu-

71 2287 170 2328 lisse
212 2300 259 2329 se
298 2293 416 2330 ratus
464 2289 580 2330 uelut
623 2291 664 2330 in
710 2291 991 2331 ‹·0nclusi0ne
1038 2291 1149 2331 iusta
1186 2290 1485 2343 quaestionem

68 2354 258 2396 absoluit
290 2356 434 2398 uerbis
470 2353 578 2394 οὕτω
615 2356 687 2395 καί
717 2356 915 2404 Αἰσωπος
943 2354 1155 2407 Ἰάδμονος
1186 2355 1353 2408 ἐγένὲῑο.
1395 2358 1487 2399 Hac

70 2423 196 2474 igitur
228 2424 475 2477 disputandi
511 2426 679 2466 ratione
704 2437 848 2466 nonne
871 2425 1079 2477 probatur
1101 2426 1196 2477 ipsa
1220 2425 1487 2467 Herodotum

70 2492 169 2532 noui
204 2492 365 2545 aliquid
399 2494 452 2534 de
484 2495 660 2546 Aesopo
695 2494 902 2534 edocendi
938 2494 1079 2535 studio
1114 2495 1217 2535 data
1251 2495 1487 2536 occasione

68 2560 266 2602 consulto
299 2561 531 2603 indulsisse
564 2562 707 2614 potius
741 2575 872 2614 quam
899 2562 937 2602 id
960 2561 1099 2603 solum
1135 2562 1275 2614 egisse
1308 2567 1354 2603 ut
1372 2562 1488 2604 Rho-

68 2628 236 2680 dopidis
271 2634 459 2670 aetatem
498 2630 707 2671 incertam
744 2630 827 2671 bac
862 2642 907 2671 re
941 2631 1043 2671 item
1078 2643 1193 2672 noua
1233 2636 1274 2672 et
1316 2630 1487 2672 dubita-
