1854 3017
982 118 1027 150 26

297 216 495 255 uidentur
528 227 727 255 sensum:
773 225 929 265 nempe
963 213 1115 253 simius
1149 213 1379 266 pulchrum
1413 225 1460 254 se
1493 218 1617 266 putat
1649 219 1716 256 ut-

297 287 392 334 pote
426 283 496 335 qui
532 283 669 322 cuiuis
703 281 859 322 infanti
893 281 1074 334 pulcher
1097 283 1299 323 uideatur
1328 283 1508 335 eiusque
1541 294 1717 335 semper

295 351 454 391 excitet
472 355 709 402 stuporem.
746 350 1105 401 Distinguendum
1126 351 1250 402 igitur
1268 355 1365 403 post
1387 363 1543 392 uocem
1577 352 1717 389 πίθων

295 424 333 459 et
382 419 730 459 subaudiendum
780 419 997 471 utrimque
1046 418 1227 459 uerbum
1295 419 1606 471 copulatiuum,
1673 419 1716 459 id

294 487 407 539 quod
446 488 487 527 in
521 487 680 527 talibus
714 487 942 527 sententiis
961 488 1201 528 sescenties
1221 501 1300 528 usu
1324 488 1456 528 uenit.
1491 487 1586 528 Iam
1609 499 1716 528 uero

295 556 420 595 liuius
454 555 537 596 loci
572 568 671 595 cum
704 567 860 597 sensus
895 555 951 596 sit
983 555 1205 607 paululum
1230 556 1495 599 reconditus,
1532 567 1608 608 pro
1632 568 1714 596 sua

293 624 474 676 quisque
509 624 760 664 criticorum
795 623 941 664 iudicii
977 624 1243 675 proprietate
1267 624 1429 676 aliquid
1454 624 1712 664 mutandum

294 692 488 744 protinus
523 691 760 732 arbitratus
795 697 873 742 est,
922 692 1042 744 prius
1086 704 1217 744 quam
1250 692 1484 732 uerborum
1519 704 1621 732 mm.
1656 704 1714 732 ss.

293 773 512 801 consensu
566 760 824 801 traditorum
881 760 1128 801 condicioni
1161 764 1281 801 recte
1314 760 1619 812 distinguendo
1674 764 1718 801 et

293 830 516 870 moderate
550 828 876 881 interpretando
910 827 1220 869 satisfacerent
1234 828 1275 882 ¹).
1328 828 1389 869 Re
1423 829 1599 870 tandem
1634 829 1713 870 lia-

293 902 444 938 ctenus
477 898 687 949 perducta
727 908 939 950 quaerere
985 896 1097 943 licet,
1148 909 1259 949 quae
1307 897 1550 939 intercedat
1597 898 1715 938 hunc

295 967 404 1006 inter
436 966 717 1006 necessitudo
751 978 926 1006 uersum
963 970 1004 1006 et
1038 964 1221 1006 fabulas.
1255 965 1348 1006 Iam
1381 965 1587 1018 quoniam
1611 978 1716 1007 con-

291 1039 358 1074 tra
400 1033 670 1074 Huschkium
705 1035 977 1075 decertatum
1012 1038 1090 1077 est.
1126 1033 1271 1075 uerbis
1307 1034 1434 1078 καλός
1465 1048 1527 1071 τοι
1561 1033 1714 1082 πίθων,

292 1100 405 1151 παρὰ
440 1102 591 1139 παισίν
621 1100 704 1140 αἰεί
734 1101 862 1147 καλός
909 1107 1074 1144 certam
1121 1102 1314 1143 fabulam
1360 1102 1543 1143 subesse
1584 1113 1715 1142 nemo

291 1170 539 1210 «ontendat.
561 1169 853 1221 Comparatur
871 1170 986 1210 enim
1006 1183 1105 1211 cum
1126 1171 1266 1218 simio,
1285 1171 1370 1224 qui,
1391 1183 1491 1211 cum
1512 1169 1630 1211 stulti
1650 1169 1714 1210 in-

293 1238 433 1279 fantes
468 1251 567 1279 cum
601 1239 760 1290 gaudio
795 1242 836 1279 et
869 1239 1162 1281 admiratione
1191 1252 1288 1280 eum
1332 1240 1504 1280 soleant
1541 1238 1713 1289 intueri,

291 1307 382 1359 ipse
415 1307 641 1360 pulchrum
679 1319 725 1348 se
759 1319 857 1348 esse
891 1307 973 1348 sibi
1006 1309 1254 1360 persuadet,
1304 1309 1340 1349 is
1374 1308 1445 1360 qui
1480 1307 1631 1349 seduci
1665 1318 1713 1348 se

291 1389 316 1416 a
349 1380 470 1416 recta
503 1375 660 1427 agendi
693 1375 862 1416 ratione
897 1375 951 1417 ab
986 1376 1238 1417 hominibus
1273 1381 1418 1417 mente
1452 1380 1493 1417 et
1527 1375 1712 1416 consilio

294 1443 566 1485 inferioribus
613 1449 743 1496 atque
788 1444 1089 1486 adulatoribus
1132 1445 1323 1497 patiatur
1365 1456 1505 1497 neque
1538 1446 1714 1496 propter

291 1512 475 1553 aliorum
510 1524 737 1553 sermones
773 1513 816 1552 in
849 1514 1067 1554 sententia
1100 1517 1330 1566 permanet
1362 1517 1580 1565 suscepta.
1645 1512 1708 1552 Ac

290 1593 344 1621 ne
379 1593 504 1633 quem
540 1579 746 1630 offendat,
798 1581 914 1633 quod
945 1585 1035 1622 tam
1070 1581 1245 1622 sublimi
1278 1582 1321 1621 in
1355 1581 1550 1622 carmine
1582 1583 1713 1633 poeta

289 1732 421 1766 sti-anti
446 1732 714 1777 paroemiarum
741 1733 836 1777 apud
865 1732 1126 1776 Gottingenses
1142 1732 1295 1777 paginas
1314 1731 1409 1766 ultro
1430 1730 1586 1776 plurima
1605 1741 1709 1764 occu-

290 1792 369 1824 rent
395 1789 430 1822 id
457 1801 574 1833 genus
600 1788 778 1834 exempla.

389 1846 412 1885 ¹)
438 1845 533 1879 Hinc
568 1845 613 1879 ad
649 1845 794 1879 irritum
830 1845 959 1879 cadere
997 1845 1197 1891 apparebit,
1238 1845 1333 1889 quod
1360 1843 1568 1878 Boeckhius
1595 1843 1708 1878 edidit

288 1906 408 1949 γένοι’,
437 1900 510 1941 οἷος
538 1907 616 1938 ἔσσι
642 1905 789 1950 μαθών,
819 1906 925 1940 καλός
953 1918 1015 1942 τις.
1047 1909 1171 1938 Πίθων
1197 1908 1255 1938 κτλ
1290 1900 1420 1936 audaci
1451 1911 1560 1944 quam
1595 1911 1706 1945 supra

289 1962 413 1996 notaui
442 1961 705 2002 emendatione,
734 1962 967 1996 Herm-annus
993 1962 1147 1997 artificio
1176 1974 1264 1998 usus
1277 1963 1336 1998 hic
1362 1974 1434 1996 non
1449 1961 1578 1995 idoneo
1598 1963 1706 2001 καλός

288 2036 341 2056 τοι
371 2037 408 2057 71.
437 2038 460 2057 γι
477 2026 562 2066 ἀρα
593 2029 734 2062 namot,
765 2027 835 2057 αἰεὶ.
863 2037 890 2059 κ,
924 2020 1124 2066 proposuit,
1151 2033 1171 2055 a
1198 2021 1382 2055 Boeckhio
1409 2020 1487 2054 iure
1513 2019 1708 2053 refutatus.

288 2081 480 2117 Dissenius
506 2082 574 2116 etsi
601 2081 692 2115 nihil
718 2082 871 2116 nouauit
896 2082 931 2117 in
959 2082 1091 2118 uerbis.
1122 2082 1231 2116 nimis
1257 2082 1450 2127 torquebat
1475 2092 1624 2115 sensum
1661 2079 1710 2114 di-

288 2138 507 2182 stinguendo
534 2140 587 2174 sic
614 2142 720 2178 καλός
747 2155 799 2175 τοι
828 2155 866 2174 71.
885 2155 922 2174 η.
943 2146 1081 2178 ‘mutim
1113 2146 1181 2175 m'ec
1210 2155 1240 2176 κ.
1271 2140 1330 2183 (cf.
1358 2139 1412 2172 ed.
1441 2137 1519 2171 eius
1538 2137 1618 2182 Hp.
1638 2137 1708 2171 212

288 2196 366 2239 sq).
394 2196 643 2232 Mommsenus
669 2198 721 2232 sic
749 2198 920 2233 distinxit
954 2203 1059 2240 καλός
1093 2216 1146 2236 τοι
1173 2216 1211 2236 π.
1240 2217 1277 2236 π.
1309 2216 1344 2238 π,
1375 2204 1444 2236 cisi.
1471 2203 1588 2239 καλός.
1619 2201 1638 2234 0²
1667 2201 1708 2234 δὲ

289 2264 342 2293 κτλ
370 2258 479 2293 nixus
506 2260 636 2294 (taleni
663 2261 896 2306 potissimum
932 2262 1162 2300 auctoritate.
1207 2275 1316 2308 quam.
1343 2262 1413 2297 etsi
1450 2261 1518 2308 ipsi
1551 2261 1588 2295 in
1619 2273 1709 2296 uoce

288 2335 336 2354 ποι
366 2319 608 2362 laudauimus,
635 2321 695 2355 hic
708 2324 832 2355 tamen
847 2322 968 2356 minus
986 2323 1109 2356 ualere
1128 2323 1376 2357 contenderim
1390 2325 1594 2368 propterea,
1613 2321 1708 2366 quod

287 2388 414 2421 parum
442 2390 522 2411 eum
549 2378 653 2412 firma
681 2379 853 2414 memoria
881 2391 985 2414 usum
1014 2391 1093 2414 esse
1108 2381 1220 2415 uerba
1234 2380 1312 2415 eius
1337 2388 1426 2428 φησί
1452 2397 1514 2420 τις
1542 2387 1608 2416 nim
1635 2395 1708 2415 πτι-

234 2478 238 2482 *
287 2443 398 2472 λαιῶν
424 2437 598 2479 indicant,
637 2452 744 2483 quam
778 2442 817 2474 ut
855 2441 970 2475 totius
996 2441 1105 2475 huius
1132 2441 1315 2476 Pindarici
1341 2441 1411 2476 loci
1437 2440 1622 2475 restitutio
1649 2451 1708 2485 po-

288 2500 434 2531 neretur
459 2497 495 2531 in
523 2499 588 2532 hoc
614 2499 718 2543 quasi
745 2500 992 2535 fundamento.
1022 2500 1150 2535 Cetera
1167 2501 1328 2536 uirorum
1350 2502 1536 2536 doctorum
1556 2501 1708 2535 inuenta

288 2553 434 2597 longum
473 2556 528 2588 est
566 2555 745 2600 persequi,
782 2556 996 2600 praesertim
1032 2569 1113 2591 cum
1146 2558 1283 2592 frustra
1309 2558 1450 2604 prolata
1477 2569 1557 2592 esse
1586 2556 1708 2591 omnia

289 2608 375 2643 inihi
404 2610 608 2645 uideantur.
