1937 3032
1078 193 1099 225 4

379 292 439 332 ita
487 291 584 331 sint.
634 289 829 330 omnium
878 291 924 328 ut
972 290 1089 328 recte
1133 287 1426 339 perpendatur
1459 287 1802 341 aestimeturque

379 357 727 399 testimoniorum
774 355 878 396 tides
919 354 1038 395 nulla
1086 366 1164 406 ego
1207 354 1295 395 alia
1340 354 1429 396 fieri
1471 355 1640 396 ratione
1671 366 1802 408 posse

381 426 609 472 contendo,
659 436 789 476 quam
824 423 859 463 si
896 422 1142 464 fabularum
1175 422 1396 475 reliquias,
1447 434 1558 476 quae
1591 423 1634 463 in
1668 421 1804 465 Grae-

381 506 530 535 corum
563 492 803 533 litterarum
840 491 1133 531 monumentis
1168 489 1324 532 obuiae
1350 491 1465 542 liunt,
1501 491 1695 532 maxima
1718 503 1804 544 qua

382 562 470 603 lieri
495 565 633 613 potest
654 559 877 611 diligentia
900 558 1213 610 inuestigemus
1237 563 1279 599 et
1301 558 1648 611 contemplemur
1673 563 1804 612 atque

382 630 435 671 ad
470 628 775 680 cognitionem⁷
811 639 941 679 quain
975 626 1075 667 inde
1109 626 1161 667 de
1195 627 1600 679 antiquissimarum
1635 626 1806 668 fabula-

383 711 476 738 rum
512 696 676 747 origine
710 699 752 736 et
785 696 1042 737 condicione
1076 695 1231 736 lucrati
1261 697 1422 737 erimus
1446 697 1673 749 integram,
1707 700 1806 738 tan-

383 779 513 820 quam
560 765 614 806 ad
659 777 860 805 normam
903 775 1162 805 reuocemus
1205 763 1375 805 illorum
1418 765 1725 807 auctoritatem
1766 769 1808 808 et

385 836 525 876 tidem.
591 833 740 886 Itaque
790 833 923 874 totius
967 833 1236 886 quaestionis
1271 845 1368 874 eam
1403 833 1628 875 instituere
1661 834 1805 874 uisum

383 903 508 944 nobis
543 906 609 943 est
639 902 869 949 rationem,
904 901 1048 954 priore
1082 905 1205 953 parte
1241 905 1286 942 ut
1319 901 1419 954 quid
1453 902 1509 942 ad
1533 901 1704 943 fabulas
1737 914 1805 943 re-

387 971 610 1013 ferendum
657 971 712 1011 sit
755 975 1041 1012 monumenta
1075 983 1128 1011 ac
1162 970 1330 1011 litteras
1365 969 1634 1012 Graecorum
1665 971 1807 1023 perlu-

385 1044 574 1081 strantes
618 1039 847 1079 uideamus
891 1039 1078 1092 quidque
1123 1039 1222 1080 inde
1261 1038 1317 1079 ad
1351 1050 1501 1079 earum
1535 1038 1809 1090 indagandas

386 1109 594 1160 originem
631 1112 672 1149 et
705 1108 1009 1149 condicionem
1043 1108 1255 1148 redundet
1289 1107 1398 1148 lucis
1433 1107 1722 1159 experiamur.
1763 1106 1809 1147 ln

387 1190 470 1230 quo
490 1176 641 1217 sedulo
661 1176 742 1217 erit
761 1176 1020 1224 cauendum,
1055 1187 1110 1216 ne
1133 1175 1248 1215 idem
1282 1175 1608 1216 committamus
1641 1175 1808 1225 uitium,

387 1245 501 1298 quod
536 1245 651 1296 apud
685 1248 855 1285 ceteras
891 1242 1095 1296 frequens
1130 1244 1407 1296 maximeque
1439 1244 1483 1284 in
1503 1242 1659 1284 Kelleri
1692 1255 1812 1284 com-

390 1313 660 1354 mentatione
694 1311 896 1353 omnibus
931 1323 1195 1363 magnopere
1226 1310 1412 1363 probata
1444 1314 1682 1363 grassatur.
1747 1309 1809 1350 Illi

390 1383 504 1423 enim
539 1394 637 1422 oum
662 1392 979 1433 saepenumero
998 1379 1171 1432 Aesopi,
1205 1380 1433 1432 Aesopeae
1457 1378 1643 1430 fabulae,
1677 1377 1813 1420 Aeso-

389 1463 498 1504 peae
532 1450 690 1491 aetatis
724 1449 991 1490 mentionem
1011 1449 1129 1501 prius
1149 1448 1394 1501 quaestioni
1413 1447 1660 1489 intulissent
1681 1459 1812 1500 quam

391 1520 492 1572 quid
515 1519 716 1572 quodque
739 1518 894 1559 horum
917 1517 1065 1558 ualeat
1088 1517 1170 1569 ipsi
1202 1517 1417 1558 uidissent
1448 1516 1688 1567 nominum,
1722 1514 1813 1557 fieri

390 1600 477 1629 non
510 1587 648 1639 potuit
680 1587 795 1639 quin.
830 1592 876 1627 ut
909 1590 1034 1627 erant
1066 1584 1274 1626 obsoletis
1297 1588 1494 1626 ueterum
1517 1583 1735 1626 erroribus
1758 1583 1814 1625 ab

392 1656 512 1697 initio
547 1655 676 1708 capti,
712 1655 767 1696 ad
800 1654 1056 1695 incertiores
1091 1652 1409 1705 debilioresque
1448 1655 1676 1704 pergerent
1709 1663 1814 1692 con-

393 1724 623 1765 clusiones.
658 1723 761 1764 Mihi
798 1735 901 1763 uero
935 1733 989 1762 ne
1021 1722 1315 1774 permisceam
1349 1719 1404 1761 ab
1438 1720 1560 1761 initio
1595 1723 1715 1762 certa
1749 1720 1815 1760 in-

394 1793 524 1833 certis
566 1791 635 1832 uel
675 1791 785 1832 adeo
830 1790 964 1841 falsis⁷
1015 1801 1069 1830 ne
1112 1788 1409 1830 nominabitur
1450 1788 1624 1842 quidem
1671 1788 1816 1841 priore

394 1866 516 1914 parte
550 1861 748 1913 Aesopus
782 1860 876 1909 iste,
921 1858 993 1912 qui
1027 1858 1130 1911 quid
1163 1862 1204 1899 et
1237 1857 1412 1911 quando
1445 1857 1498 1898 de
1533 1855 1690 1898 fabulis
1724 1868 1815 1898 me-

394 1931 525 1971 ruerit
547 1942 661 1970 nunc
685 1929 840 1970 saltem
864 1927 1204 1969 incertissimum
1229 1931 1305 1968 est.
1341 1926 1495 1968 Muniti
1518 1925 1673 1967 deinde
1697 1930 1819 1967 certa

396 2012 527 2052 quam
573 2010 625 2039 ex
671 1996 917 2038 fabularum
956 1996 1151 2048 ipsarum
1186 1994 1556 2047 contemplatione
1590 2006 1820 2046 compara-

397 2067 587 2108 uerimus
622 2066 868 2118 cognitione
901 2065 1142 2117 posteriore
1175 2068 1299 2116 parte
1333 2063 1539 2117 quidquid
1571 2063 1624 2104 de
1646 2062 1820 2115 Aesopo

398 2140 540 2176 exstat
571 2134 921 2175 testimoniorum
954 2132 1282 2174 recensebimus
1317 2137 1358 2173 et
1387 2132 1443 2173 ad
1468 2132 1668 2173 meritam
1693 2130 1820 2173 fidem

398 2203 656 2255 redigemus.
722 2202 941 2254 Epimetro
985 2202 1172 2254 denique
1205 2213 1318 2254 quae
1351 2205 1519 2242 restant
1554 2199 1819 2242 Graecorum

398 2271 650 2312 testimonia
683 2270 738 2311 ad
771 2270 889 2322 ipsas
926 2269 1094 2310 fabulas
1129 2269 1457 2322 antiquissimas
1487 2268 1733 2322 spectantia
1755 2280 1822 2309 re-

400 2351 716 2391 cognoscemus
770 2339 957 2392 quidque
1011 2338 1188 2379 ualeant
1237 2336 1452 2379 ambabus
1501 2337 1822 2378 dissertationis
1860 2372 1865 2376 .

400 2407 596 2459 partibus
640 2406 973 2448 concinentibus
1019 2410 1146 2447 caute
1188 2406 1501 2458 moderateque
1539 2405 1821 2458 inquiremus.

900 2562 1326 2623 QetQffifflffl
