1863 3043
815 183 860 215 (53

123 278 360 318 tenendum
404 282 482 328 est,
532 290 617 330 quo
664 277 909 318 fabularum
954 277 1258 318 condicionem
1309 278 1550 318 auetorita-

124 351 299 399 temque
329 345 502 398 penitus
537 345 750 397 migrasse
783 349 972 397 constet3
1007 358 1117 398 quas
1139 346 1183 386 in
1209 345 1453 387 fabularum
1477 358 1549 397 ge—

124 427 219 466 nus,
252 418 300 456 ut
331 414 485 455 horum
520 414 713 455 uirorum
748 419 841 455 erat
873 418 1033 465 aetate,
1067 413 1179 455 bene
1212 415 1429 467 quadrare
1453 415 1546 466 ipse

127 481 297 534 largior.
331 481 482 535 Neque
516 480 763 523 fabularum
798 494 1062 535 magnopere
1096 487 1413 524 commutatam
1447 495 1545 535 spe-

130 551 243 592 eiem
286 549 590 603 reputantibus
634 552 984 592 su‹‘·oensendum
1027 551 1154 593 nobis
1200 556 1265 592 est
1297 551 1545 593 Plutarcho.

124 620 198 673 qui
214 619 259 660 in
279 619 484 661 conuiuio
502 624 669 672 septem
685 620 948 672 sapientium
962 620 1182 673 Aesopum
1201 624 1370 661 tantum
1390 633 1547 672 passus

124 691 192 729 est
224 687 421 729 assidere
454 683 524 724 ἐπὶ
558 685 711 739 δίφρου
743 685 853 733 τινὸς
882 684 1152 738 χαμαιζήλου
1184 686 1245 740 (p,
1280 687 1486 741 150A21).

213 755 306 797 Iam
324 755 596 797 VVelckerus.
623 756 702 797 etsi
725 756 942 808 Aesopum
971 757 1005 796 si
1030 769 1223 809 unquam
1258 756 1337 798 fuit
1369 769 1545 798 seruum

126 824 261 865 fuisse
294 836 380 865 non
414 836 545 875 posse
579 825 813 866 concessit.
864 836 1017 865 seruus
1064 830 1210 866 tamen
1256 826 1371 878 quod
1412 826 1546 866 nihilo

124 892 268 934 secius
303 892 438 933 fuisse
471 893 630 934 diserte
664 893 860 934 traditur.
920 894 1017 934 inde
1051 894 1346 935 certissimum
1380 895 1548 946 grauis-

123 962 372 1014 simumque
405 966 707 1013 argumentum
744 962 942 1013 repetiuit
981 962 1036 1003 ad
1083 963 1371 1003 euincendum
1419 962 1545 1003 huius

124 1041 360 1081 personam
395 1029 465 1082 qui
500 1042 720 1082 nunquam
760 1030 836 1070 fuit
869 1030 1088 1071 exstitisse
1123 1035 1290 1071 tantum
1319 1031 1443 1083 quasi
1468 1043 1546 1071 au-

123 1097 470 1151 tiquissimarum
515 1096 759 1138 fabularum
808 1098 1041 1150 imaginem
1076 1099 1131 1138 ad
1167 1098 1359 1151 ipsarum
1395 1100 1545 1140 (eondi-

124 1166 296 1208 cionem
331 1166 610 1219 speciemque
645 1171 744 1217 apte
779 1165 1113 1207 ‹-0nf01·matam.
1183 1166 1223 1207 ld
1260 1167 1350 1207 iure
1386 1166 1543 1207 fecisse

123 1247 223 1276 eum
267 1246 388 1286 nego.
456 1234 623 1275 Etenim
673 1236 786 1287 quod
826 1235 850 1275 l.
893 1236 915 1275 l.
968 1249 1005 1287 p.
1042 1236 1125 1275 244
1170 1236 1340 1276 disserit
1386 1234 1543 1276 fabulis·

123 1315 273 1344 uerum
308 1308 421 1344 tecte
441 1308 482 1344 et
506 1303 692 1344 iocando
718 1309 925 1356 tanquam
951 1304 1186 1345 scurriliter
1210 1305 1307 1346 dici.
1345 1309 1388 1345 ut
1413 1305 1542 1345 simul

125 1384 225 1412 eum
260 1372 443 1413 ueritate
475 1372 678 1424 gaudium
714 1373 859 1425 capiat
907 1386 959 1413 ex
1009 1373 1060 1413 iis
1110 1374 1407 1426 unusquisque
1441 1374 1544 1414 insi-

124 1441 247 1492 piens
282 1452 420 1493 eoque
454 1440 696 1492 decipiatur
730 1453 875 1482 mens:
914 1441 1157 1482 tabularum
1194 1454 1292 1483 eam
1327 1443 1541 1494 spectauit

123 1509 442 1550 condicionem.
479 1509 520 1548 in
539 1521 669 1560 quam
695 1508 918 1562 aliquanto
941 1516 1036 1561 post
1063 1510 1268 1562 delapsae
1292 1515 1403 1550 sunt.
1440 1523 1544 1551 eou-

122 1576 305 1629 silioque
338 1577 452 1629 quod
485 1581 576 1617 tota
609 1577 901 1628 disputatione
934 1583 1109 1618 secutus
1144 1582 1209 1618 est
1245 1578 1379 1629 magis
1404 1578 1543 1618 indul-

122 1645 176 1685 sit
209 1657 339 1697 quam
376 1656 524 1686 uerum
559 1645 868 1698 sincerumque
901 1647 953 1686 de
990 1647 1159 1698 lii-israe
1190 1645 1364 1688 fabulae
1399 1647 1542 1687 indole

122 1718 164 1752 et
196 1712 459 1753 auctoritate
495 1713 698 1753 iudicium
734 1714 898 1754 studuit
931 1714 1127 1766 adipisci.
1163 1714 1272 1755 Nam
1298 1728 1429 1767 supra
1455 1716 1540 1756 iam

121 1781 395 1835 ostendimus¹
436 1781 636 1822 homines
682 1781 951 1823 nobilissimo
996 1782 1090 1822 l‹›‹.·‹›
1137 1788 1263 1823 natos
1308 1784 1541 1825 identidem

123 1849 172 1890 iis
205 1862 308 1890 usos
342 1861 440 1890 esse
475 1861 613 1902 neque
647 1851 878 1903 quiequam
914 1851 955 1891 in
991 1852 1040 1891 iis
1089 1864 1185 1892 esse
1227 1852 1406 1892 ridiculi.
1457 1865 1541 1905 quo

120 1918 359 1969 gauderent
393 1918 521 1958 simul
555 1919 624 1971 qui
661 1918 913 1960 audiebant.
950 1920 1025 1959 sed
1061 1931 1213 1960 omnes
1248 1932 1360 1972 quae
1395 1932 1447 1961 ex
1470 1920 1536 1960 illa

122 1991 338 2028 uetustate
384 1992 587 2028 seruatae
631 1993 742 2028 sunt.
797 1989 1046 2029 serenitatis
1090 2001 1186 2029 esse
1230 1995 1268 2030 et
1313 1990 1540 2041 gravitatis

120 2053 286 2106 plenas.
330 2055 479 2108 Neque
512 2056 652 2097 eidem
688 2058 1014 2098 assentiendum
1052 2063 1112 2098 est
1149 2058 1293 2098 seruili
1329 2063 1538 2111 tanquam

119 2123 276 2164 timore
325 2124 448 2164 nasci
495 2123 664 2165 fabulas
705 2125 758 2165 ad
804 2137 966 2178 easque
1000 2126 1232 2177 eonl'ugere
1267 2138 1363 2166 eum
1399 2126 1540 2168 solere

120 2191 189 2243 qui
233 2197 409 2244 propter
451 2193 652 2233 timorem
698 2204 846 2233 uerum
882 2199 1031 2245 aperte
1065 2194 1210 2234 «licere
1244 2206 1329 2234 non
1365 2196 1537 2235 audeat.

221 2315 244 2359 ¹)
270 2315 505 2350 Plutarchum
534 2328 613 2350 esso.»
641 2316 800 2350 conuiuii
828 2325 1012 2351 auc-torem
1041 2330 1127 2361 pace
1165 2317 1324 2351 uirorum
1352 2319 1540 2353 doctorum

119 2370 150 2404 si
177 2370 238 2415 qui
264 2382 371 2406 secus
397 2371 559 2406 sentiant
586 2384 715 2417 ponam
744 2373 780 2406 in
808 2373 874 2407 hac
895 2373 1164 2407 dissertatione.
1193 2375 1361 2407 Ceterum
1380 2373 1540 2408 auctoris

120 2426 230 2461 huius
255 2439 325 2461 non
353 2427 506 2473 paruula
545 2428 626 2462 laus
661 2432 717 2463 est
743 2429 837 2473 quod
864 2430 907 2463 ad
936 2430 1117 2474 Aesopum
1145 2440 1249 2462 suum
1278 2440 1538 2474 nonnunquam

120 2483 419 2528 reprehendentis
455 2484 756 2529 defendentisque
792 2484 840 2518 ibi
881 2485 1013 2519 detulit
1050 2488 1172 2530 partes
1199 2485 1303 2529 quasi
1329 2485 1537 2520 fabularum

118 2539 455 2584 antiquissimarum
484 2540 622 2574 callens
648 2540 908 2576 condicionem.
936 2541 1016 2575 coll.
1044 2541 1090 2575 ib.
1110 2554 1141 2586 p.
1167 2541 1270 2576 152C
1292 2547 1349 2578 καὶ
1369 2545 1389 2578 0‘
1406 2547 1539 2579 Αἴσω-

121 2613 200 2643 πος,
225 2596 304 2636 οἷον
329 2603 542 2646 ἐλεγκιικός,
582 2604 640 2635 κτλ
667 2605 701 2635 et
730 2600 775 2635 ib.
804 2613 835 2646 p.
867 2601 971 2637 154ss
999 2616 1016 2637 0
1045 2603 1082 2635 δὲ
1101 2606 1277 2641 Athamas*
1298 2599 1379 2638 οἷον
1397 2605 1539 2650 (ε’μυνό-

69 2696 73 2700 .
117 2677 229 2709 μενος
256 2667 346 2711 ιῖπὲρ
373 2662 480 2708 «6155-
506 2662 605 2702 (scil.
635 2661 862 2704 Eumetidis)
888 2666 956 2698 κτλ.
