1854 3017
909 216 952 250 78

212 317 355 368 Atque
398 318 626 366 Aesopeas
676 317 715 354 et
766 311 951 365 Libycas
1001 323 1114 364 quae
1163 310 1422 352 dicebantur
1472 310 1642 352 fabulas

214 385 409 425 eiusdem
448 394 546 424 esse
586 382 756 433 generis
805 382 845 421 id
891 381 1025 422 etiam
1067 393 1286 421 summum
1327 383 1393 421 est
1425 379 1541 432 quod
1574 390 1641 420 re—

212 454 407 494 dundare
450 451 588 504 possit
628 463 681 491 ex
722 449 868 490 Babrii
911 449 1118 501 prooemii
1168 448 1350 489 secundi
1400 461 1468 488 uu.
1511 447 1639 488 4—6.

215 521 314 562 Plus
348 533 454 562 uero
487 519 593 560 lucri
630 531 682 560 ex
718 518 784 558 his
820 517 918 570 capi
941 517 1119 558 omnino
1144 530 1231 558 non
1250 517 1382 557 licere
1406 516 1639 567 contendo,

213 590 297 631 nisi
330 590 425 643 quis
460 588 726 629 sententiam
761 598 887 627 suam
922 586 965 625 in
999 585 1195 626 maxima
1228 584 1464 626 uerborum
1498 584 1638 626 ambi-

213 659 376 710 guitate
419 657 510 697 uult
551 656 782 697 collocare.
850 654 998 706 Neque
1038 653 1153 694 enim
1198 666 1390 706 unquam
1425 653 1641 694 desituros

215 731 334 768 certo
369 727 462 767 scio
497 737 595 766 esse
630 725 806 765 criticos
841 734 954 775 quae
989 722 1178 773 genuina
1218 721 1345 762 fuerit
1385 722 1540 763 horum
1584 722 1643 763 le-

214 796 403 837 ctionem
441 796 551 835 inter
584 806 631 834 se
666 793 926 845 disceptare,
978 796 1020 831 et
1052 791 1085 831 si
1124 790 1233 831 forte
1267 791 1502 843 aliquando
1537 790 1643 831 tule-

212 866 267 906 rit
316 877 445 905 casus
494 863 714 904 secundus
761 866 807 902 ut
847 861 939 901 eius
981 859 1185 900 hominis.
1237 859 1359 899 cuius
1406 871 1565 900 nomen
1599 859 1640 898 in

214 934 341 974 liuius
374 932 482 972 libro
517 935 662 971 exstat
698 927 916 979 λιβὺσσης,
952 928 1069 980 apud
1092 927 1409 979 Diogeniunum
1433 924 1640 974 Κύβισας,

212 1002 327 1054 apud
360 1001 583 1042 Theonem
617 995 847 1047 Κυβισσός,
883 998 997 1049 apud
1031 1009 1300 1050 anonymum
1330 995 1490 1038 (Walz.
1526 994 1635 1036 rhet.

214 1070 245 1110 ΙΙ
273 1070 349 1123 11)
374 1067 610 1117 Κυβίσσας,
646 1066 762 1119 apud
784 1066 973 1107 editores
997 1066 1118 1107 uarie
1140 1065 1305 1116 legitur.
1342 1076 1447 1105 uera
1468 1063 1642 1104 aliunde

213 1139 373 1180 euadat
407 1136 597 1178 nominis
642 1134 796 1176 forma.
854 1135 893 1175 id
935 1135 1089 1186 ecquid
1132 1133 1287 1185 poterit
1336 1133 1548 1173 interesse
1587 1133 1642 1172 ad

215 1208 484 1248 Graecorum
528 1205 773 1246 fabularum
829 1204 1237 1257 anthpiissimarum
1292 1200 1642 1252 inuestigandam

213 1277 458 1329 originem?
522 1274 611 1315 Iam
656 1272 758 1326 quid
793 1271 1021 1313 Kellerus‘.)
1086 1271 1149 1311 Ne
1181 1283 1268 1311 uno
1302 1269 1476 1322 quidem
1511 1268 1638 1309 nixus

214 1344 413 1397 exemplo
453 1348 527 1384 aut
567 1340 822 1382 testimonio
866 1340 941 1380 sed
983 1340 1092 1379 mira
1137 1338 1379 1389 sagacitate
1414 1349 1466 1378 ex
1503 1336 1635 1390 Libya

217 1413 459 1455 fabularum
507 1415 672 1452 certum
716 1410 950 1465 quoddam·
984 1421 1120 1459 genus
1163 1412 1293 1460 atque
1337 1406 1391 1447 ab
1437 1405 1642 1458 Aesopiis

215 1483 332 1535 prius
372 1481 415 1521 in
457 1479 644 1522 Graecia
688 1478 876 1529 uulgatis
920 1477 1048 1530 plane
1092 1477 1281 1518 alienum
1323 1477 1365 1516 in
1411 1473 1642 1516 Graeciam

214 1551 389 1592 uenisse
422 1564 460 1602 p.
496 1549 582 1589 354
619 1548 784 1589 fortiter
816 1547 1054 1599 profitetur.
1098 1546 1142 1586 El
1180 1544 1552 1598 quemadmodum
1585 1542 1640 1584 ab

214 1620 387 1671 Aesopo
421 1619 582 1659 iustam
610 1616 855 1657 fabularum
880 1615 1200 1667 promulgatam
1225 1625 1322 1655 esse
1341 1612 1641 1654 collectionem

216 1688 284 1728 ille
319 1691 481 1730 censet*
519 1686 576 1726 ita
614 1685 775 1725 iustum
811 1683 943 1725 etiam
970 1696 1022 1723 ex
1045 1682 1179 1735 Libya
1216 1680 1460 1722 fabularum
1486 1679 1642 1720 librum

216 1757 259 1796 in
293 1755 526 1797 Graeciam
571 1755 784 1805 migrasse
831 1753 886 1793 ad
932 1752 1198 1793 credendum
1240 1749 1529 1802 pronissimus
1563 1752 1641 1789 est.

216 1827 357 1877 Atque
391 1824 501 1864 adeo
536 1835 620 1875 quo
654 1826 851 1873 tempore
886 1820 993 1861 liber
1029 1820 1108 1861 iste
1142 1820 1185 1859 i11
1207 1817 1441 1860 Graeciam
1476 1817 1641 1857 uenerit

216 1893 465 1935 accuratius
500 1904 634 1932 ausus
669 1894 735 1930 est
770 1889 963 1930 delinire.
1030 1888 1110 1930 Sed
1154 1888 1290 1940 ipsius
1325 1885 1461 1927 uerba
1493 1885 1644 1926 audire

217 1975 269 2002 ex
302 1974 348 2002 re
382 1961 473 2010 erit,
510 1972 562 2000 ne
596 1971 708 2012 quae
743 1970 904 2009 magna
939 1957 1110 1997 locutus
1145 1959 1210 1996 est
1244 1953 1547 1996 antuertendo
1571 1956 1645 1994 aut

217 2030 492 2082 excerpendo
526 2028 649 2081 quasi
686 2028 797 2067 inter
837 2026 993 2077 digitos
1029 2024 1247 2066 dil‘ssuanl:
1306 2023 1380 2064 Die
1416 2022 1547 2074 frage‚
1582 2021 1645 2061 in-

215 2100 306 2152 quit
337 2113 376 2151 p.
411 2096 511 2144 356,
547 2096 661 2137 nach
695 2096 771 2136 der
803 2095 886 2135 zeit
921 2094 996 2135 der
1030 2093 1318 2143 eint‘uehrung
1359 2091 1436 2132 des
1480 2089 1645 2142 libysti-

218 2169 354 2209 schen
388 2165 448 2220 (1)
482 2166 648 2206 buches
683 2164 789 2205 aber
823 2164 874 2203 ist
913 2162 1162 2203 erleichtert
1196 2160 1331 2201 durch
1367 2160 1434 2200 die
1453 2157 1645 2209 wichtig-

221 2237 318 2281 keit,
354 2235 520 2276 welche
554 2234 623 2274 die
659 2232 803 2274 l'abeln
838 2231 1109 2282 ueberliaupt
1143 2229 1208 2270 als
1229 2225 1644 2281 propaedeutisches

221 2305 355 2346 mittel
393 2305 485 2345 fuer
519 2304 598 2344 das
632 2300 907 2353 griechische
941 2298 1066 2340 leben
1103 2298 1316 2339 besassen
1346 2295 1461 2335 —id
1493 2298 1539 2335 ut
1562 2293 1646 2335 ele-

218 2379 369 2423 ganter
404 2374 458 2413 ita
494 2383 723 2424 perperam
759 2382 857 2412 esse
893 2369 1057 2409 dictum
1092 2380 1223 2420 spero
1248 2376 1463 2418 apparere
1488 2364 1646 2404 *und

219 2442 354 2482 ‹lurcli
389 2442 471 2481 den
505 2452 687 2492 grossen
706 2438 899 2487 einssuss,
937 2437 1137 2477 welchen
1162 2435 1322 2487 gerade
1341 2434 1461 2474 diese
1484 2444 1648 2473 samm-

221 2511 319 2561 lung
367 2510 480 2550 allen
529 2509 767 2549 aiizeiehen
811 2507 924 2548 nach
959 2507 1003 2546 in
1038 2503 1361 2545 Griechenland
1409 2499 1647 2553 ausgeuebt

221 2578 361 2619 haben
396 2591 515 2618 muss
549 2601 604 2605 w
638 2576 794 2617 uellem
822 2587 956 2616 unum
991 2573 1236 2614 addidisset
1259 2569 1561 2612 testimonium
1580 2567 1647 2608 uir

221 2648 373 2687 doctus
409 2669 474 2687 —.
512 2646 569 2687 So
604 2646 656 2686 ist
692 2657 795 2685 man
832 2643 948 2684 wohl
988 2641 1241 2692 berechtigt
1279 2640 1347 2680 die
1388 2634 1647 2679 ueberkunft

221 2716 296 2755 der
329 2713 676 2767 kyrenaeischen
711 2711 856 2753 fabeln
879 2711 1012 2751 —siv
1048 2710 1083 2750 ei
1121 2709 1264 2761 placet
1299 2706 1548 2759 promiscue
1581 2704 1644 2745 di-
