1863 3043
820 205 864 235 95

821 226 852 238 ..μ

133 298 221 339 iam
264 311 363 339 cum
397 311 437 339 u.
473 298 527 338 72
558 299 701 351 uulpis
736 300 911 351 mentio,
962 312 1076 354 quae
1109 311 1266 341 reuera
1299 300 1477 341 demum
1512 302 1553 341 lit

134 379 174 407 u.
210 366 279 418 77,
313 367 601 418 coniungatur
633 367 847 420 intellego.
911 368 1176 410 Manendum
1211 380 1313 420 ergo
1346 368 1390 408 in
1422 368 1556 410 solius

134 447 174 475 u.
211 433 265 474 72
298 434 457 476 uerbis.
521 435 616 476 Iam
662 435 705 475 in
750 435 817 477 his
861 436 933 489 qui
979 437 1036 477 sit
1068 436 1385 477 sententiarum
1418 449 1556 478 nexus

133 502 255 556 prius
290 502 606 555 explorandum
641 503 954 558 exploratoque
988 516 1039 546 eo
1073 504 1212 545 critici
1246 517 1405 546 munus
1433 516 1557 546 exer-

134 571 323 612 cendum
356 572 511 612 suadet
545 571 790 612 Boeckhius
823 577 910 613 not.
947 573 1040 614 crit.
1061 585 1099 613 a.
1124 572 1165 613 h.
1188 572 1211 613 l.
1245 571 1332 614 Sed
1361 584 1555 613 sensum.

135 639 310 692 qualem
342 643 473 691 poeta
505 638 589 680 hoc
623 651 753 681 uersu
786 641 968 682 reddere
1001 640 1194 682 uoluisse
1237 641 1556 682 existimandus

133 707 201 757 sit,
237 719 335 748 cum
369 706 480 748 alius
499 707 615 747 hunc
639 706 750 748 alius
774 706 893 748 illum
911 709 1199 761 proposuerit,
1232 708 1346 749 unde
1369 709 1556 760 genuina

137 787 292 817 uersus
326 775 628 816 restitueretur
659 774 803 825 lectio,
839 776 956 827 prius
980 788 1059 828 ego
1080 781 1231 818 tamen
1264 777 1307 817 id
1340 777 1554 828 agendum

135 855 312 894 censeo⁷
347 847 391 884 ut
424 842 657 884 uerborum
691 844 964 895 traditorum,
1000 845 1162 898 aliquid
1196 846 1302 886 certi
1327 845 1363 885 si
1396 844 1556 886 lucrari

135 911 350 961 uolumus,
401 911 627 963 diligenter
669 911 932 953 deliberetur
977 918 1131 955 status.
1198 914 1278 954 Hic
1312 918 1376 954 est
1411 918 1554 955 autem

135 975 262 1030 γένοι’
292 973 378 1024 οἷος
409 975 501 1017 ἔσσι
528 977 693 1028 μαθών.
736 979 863 1026 καλαῖς
892 981 956 1018 τοτ’
979 981 1124 1019 πίθων
1153 979 1266 1028 παρ-ἀ
1295 978 1444 1018 παισίν
1474 980 1558 1020 αἰεί

138 1044 278 1091 καλός.
311 1046 458 1088 Verba
491 1058 700 1100 perquam
735 1052 935 1089 contorta
969 1054 1098 1101 atque
1134 1048 1372 1089 constricta
1405 1052 1558 1089 necta-

137 1126 238 1156 men
280 1127 392 1168 quae
433 1127 565 1156 sensu
608 1120 789 1156 careant
822 1121 896 1157 aut
929 1117 1220 1168 grammatica
1255 1128 1366 1169 quae
1401 1117 1558 1157 dicitur

136 1185 318 1226 ratione.
354 1183 547 1235 Quorum
570 1185 715 1236 priora
748 1181 871 1234 ye'voz’
901 1179 987 1231 οἶος
1017 1181 1109 1224 ἔσσι
1142 1184 1298 1233 μαθών
1327 1185 1391 1226 sic
1425 1186 1556 1226 inter-

136 1257 301 1305 pretor:
335 1257 511 1305 praesta
544 1257 585 1294 te
618 1252 763 1303 talem,
799 1252 939 1305 qualis
959 1265 1005 1294 es
1028 1253 1145 1294 uitae
1169 1253 1437 1305 experientia
1463 1267 1555 1295 mo-

137 1332 320 1374 rumque
368 1320 662 1362 humanorum
713 1321 958 1372 cognitione
1007 1321 1151 1362 adhuc
1201 1320 1341 1362 factus
1375 1346 1431 1349 —
1464 1322 1554 1363 uel:

138 1401 269 1430 mane
299 1389 345 1430 in
378 1389 429 1430 iis
465 1389 672 1440 moribus,
707 1402 815 1442 quos
857 1389 934 1430 tibi
967 1388 1088 1430 finxit
1121 1394 1244 1430 aetas
1284 1390 1427 1430 adhuc
1460 1402 1557 1443 per-

137 1462 240 1500 acta
273 1457 550 1510 studiumque
584 1458 644 1498 tui
677 1457 826 1510 ipsius.
894 1457 1018 1507 Quod
1051 1457 1298 1499 Boeckhius
1333 1458 1389 1498 ad
1420 1457 1555 1509 γένοιο

136 1527 387 1569 desiderare
420 1539 467 1568 se
502 1527 605 1567 dicit
637 1527 1010 1579 praedicatum—
1030 1527 1279 1567 adsciscere
1305 1527 1420 1567 enim
1454 1525 1555 1566 huic

137 1598 238 1636 avet
279 1606 466 1647 sequens
516 1592 643 1638 καλός
677 1617 732 1621 —-
766 1594 912 1644 miror,
962 1594 1088 1646 quasi
1132 1605 1235 1634 uero
1284 1605 1337 1634 ex
1370 1593 1554 1634 relatiua

135 1662 295 1705 uocula
327 1662 719 1703 demonstratiuam
754 1666 863 1706 τοῖος
887 1661 955 1701 uel
980 1661 1160 1707 τοιοῦτος
1186 1666 1331 1703 mente
1356 1662 1425 1702 hic
1450 1661 1550 1702 addi

133 1736 251 1773 uetet
282 1731 571 1782 grammatica
606 1730 687 1770 lex.
723 1729 813 1770 Iam
847 1730 1003 1770 ceteris
1039 1728 1182 1770 uerbis
1226 1729 1451 1781 uulgarem
1487 1729 1552 1770 af—

134 1799 235 1842 ferri
268 1802 532 1843 sententiam
566 1805 748 1853 apparet
782 1812 834 1841 ex
866 1800 1082 1852 particula
1126 1799 1200 1852 roi,
1251 1813 1382 1854 quam
1426 1801 1496 1842 ille
1531 1813 1553 1842 e

133 1873 253 1910 textu
296 1869 464 1923 Heynio
522 1869 775 1910 Hermanno
830 1868 1141 1921 praeeuntibus
1199 1882 1276 1910 cur
1317 1870 1553 1911 remouerit

135 1942 288 1979 contra
322 1937 532 1979 librorum
566 1950 829 1979 consensum
864 1941 995 1990 atque
1030 1935 1185 1978 Galerii
1218 1935 1232 1980 ι’
1245 1937 1297 1978 de
1331 1951 1410 1978 usu
1445 1943 1552 1990 part.

133 2005 148 2046 Ι
182 2004 264 2060 22)
298 2007 606 2047 auctoritatem
641 2018 777 2047 causa
810 2018 898 2047 non
933 2009 1010 2047 est.
1046 2005 1315 2046 Prouerbiali
1349 2007 1552 2047 nimirum

133 2074 176 2114 in
209 2076 441 2127 sententia,
492 2088 623 2128 quam
658 2076 725 2116 his
760 2080 935 2116 exstare
970 2074 1193 2116 Boeckhio
1212 2074 1239 2128 ¹)
1273 2086 1444 2128 quoque
1479 2087 1552 2116 co—

133 2142 298 2193 gnitum
333 2148 410 2195 est⁷
446 2144 594 2185 omnia
628 2157 760 2197 quam
785 2143 976 2184 maxime
1001 2143 1213 2184 adstricta
1236 2155 1334 2184 esse
1358 2147 1397 2184 et
1422 2155 1553 2184 sensu

133 2214 177 2251 et
210 2209 349 2252 forma
383 2213 482 2265 quid
517 2212 656 2264 magis
691 2216 756 2252 est
789 2210 1167 2252 consentaneum‘.>
1200 2210 1340 2264 Atque
1359 2211 1470 2252 adeo
1491 2212 1554 2252 ui-

133 2278 289 2320 dentur
320 2292 433 2333 quae
466 2281 579 2321 inter
611 2292 688 2321 ora
713 2280 871 2321 cotidie
896 2278 1263 2320 circumferuntur
1283 2279 1432 2331 uerba7
1468 2280 1551 2321 nisi

133 2346 307 2388 aliunde
341 2359 490 2389 eorum
524 2347 658 2401 probe
692 2348 867 2389 noueris
901 2347 1124 2398 originem,
1161 2359 1293 2388 sensu
1327 2359 1424 2389 esse
1446 2361 1554 2390 non—

133 2427 357 2469 nunquam
390 2415 580 2458 obscura
595 2416 638 2470 ²).
694 2415 937 2457 Restabant
971 2415 1298 2467 interpretanda
1333 2415 1459 2461 καλὰς
1491 2415 1554 2453 τοί

132 2481 274 2521 πίθων
302 2483 416 2533 παρὰ
445 2483 592 2522 παισίν
624 2482 706 2521 αἰεί
735 2482 873 2533 καλός,
910 2495 1022 2535 quae
1056 2483 1171 2523 hunc
1206 2483 1309 2523 mihi
1342 2481 1553 2535 praebere

232 2586 256 2631 ¹)
283 2588 357 2621 not.
385 2586 465 2620 crit.
493 2586 536 2620 ad
564 2586 596 2619 li.
624 2585 647 2619 l.

231 2642 258 2686 ²)
284 2644 451 2677 conferas
477 2655 569 2688 quae
597 2642 748 2677 Graecis
774 2642 810 2676 in
838 2643 1040 2688 prouerbiis
1065 2643 1236 2688 ellipseos
1255 2642 1422 2688 exempla
1448 2642 1552 2676 colle-

133 2698 188 2742 git
214 2699 374 2744 Blaydes
400 2699 444 2733 ad
474 2698 658 2744 Aristoph.
686 2710 785 2744 uesp.
813 2701 892 2735 808.
921 2700 1040 2743 Atque
1067 2699 1156 2733 adeo
1183 2699 1240 2733 uel
1267 2711 1403 2744 paucas
1437 2698 1552 2744 perlu-
