<?xml version="1.0" encoding="UTF-8"?>
<!DOCTYPE html PUBLIC "-//W3C//DTD XHTML 1.0 Transitional//EN"
    "http://www.w3.org/TR/xhtml1/DTD/xhtml1-transitional.dtd">
<html xmlns="http://www.w3.org/1999/xhtml" xml:lang="en" lang="en">
 <head>
  <title>
</title>
<meta http-equiv="Content-Type" content="text/html;charset=utf-8" />
  <meta name='ocr-system' content='tesseract 3.04.00' />
  <meta name='ocr-capabilities' content='ocr_page ocr_carea ocr_par ocr_line ocrx_word'/>
</head>
<body>
  <div class='ocr_page' id='page_1' title='image "apologigraeciant00neubuoft_0026.png"; bbox 0 0 1937 3032; ppageno 0'>
   <div class='ocr_carea' id='block_1_1' title="bbox 1035 133 1075 165">
    <p class='ocr_par' dir='ltr' id='par_1_1' title="bbox 1035 133 1075 165">
     <span class='ocr_line' id='line_1_1' title="bbox 1035 133 1075 165; baseline 0 0"><span class='ocrx_word' id='word_1_1' title='bbox 1035 133 1075 165; x_wconf 60' lang='lat' dir='ltr'>l&amp;</span> 
     </span>
    </p>
   </div>
   <div class='ocr_carea' id='block_1_2' title="bbox 337 227 1781 2667">
    <p class='ocr_par' dir='ltr' id='par_1_2' title="bbox 337 227 1771 2137">
     <span class='ocr_line' id='line_1_2' title="bbox 343 227 1763 281; baseline 0.001 -12"><span class='ocrx_word' id='word_1_2' title='bbox 343 229 607 281; x_wconf 84' lang='lat' dir='ltr'>temporibus</span> <span class='ocrx_word' id='word_1_3' title='bbox 642 233 680 268; x_wconf 91' lang='lat' dir='ltr'>et</span> <span class='ocrx_word' id='word_1_4' title='bbox 715 229 757 268; x_wconf 89' lang='lat' dir='ltr'>in</span> <span class='ocrx_word' id='word_1_5' title='bbox 794 228 861 268; x_wconf 81' lang='lat' dir='ltr'>illa</span> <span class='ocrx_word' id='word_1_6' title='bbox 896 228 1069 279; x_wconf 80' lang='lat' dir='ltr'>regione</span> <span class='ocrx_word' id='word_1_7' title='bbox 1106 227 1290 268; x_wconf 73' lang='lat' dir='ltr'>fortasse</span> <span class='ocrx_word' id='word_1_8' title='bbox 1325 228 1440 268; x_wconf 87' lang='lat' dir='ltr'>haud</span> <span class='ocrx_word' id='word_1_9' title='bbox 1475 242 1576 270; x_wconf 84' lang='lat' dir='ltr'>raro</span> <span class='ocrx_word' id='word_1_10' title='bbox 1614 229 1763 271; x_wconf 90' lang='lat' dir='ltr'>obser-</span> 
     </span>
     <span class='ocr_line' id='line_1_3' title="bbox 344 295 1761 348; baseline 0.001 -11"><span class='ocrx_word' id='word_1_11' title='bbox 344 297 436 337; x_wconf 74' lang='lat' dir='ltr'>uari</span> <span class='ocrx_word' id='word_1_12' title='bbox 470 301 634 348; x_wconf 71' lang='lat' dir='ltr'>poterut</span> <span class='ocrx_word' id='word_1_13' title='bbox 672 300 855 336; x_wconf 84' lang='lat' dir='ltr'>naturae</span> <span class='ocrx_word' id='word_1_14' title='bbox 890 295 1044 347; x_wconf 81' lang='lat' dir='ltr'>imago.</span> <span class='ocrx_word' id='word_1_15' title='bbox 1080 307 1178 336; x_wconf 88' lang='lat' dir='ltr'>eam</span> <span class='ocrx_word' id='word_1_16' title='bbox 1202 295 1370 336; x_wconf 88' lang='lat' dir='ltr'>ciuibus</span> <span class='ocrx_word' id='word_1_17' title='bbox 1394 296 1477 337; x_wconf 89' lang='lat' dir='ltr'>hoc</span> <span class='ocrx_word' id='word_1_18' title='bbox 1502 296 1543 336; x_wconf 93' lang='lat' dir='ltr'>in</span> <span class='ocrx_word' id='word_1_19' title='bbox 1566 297 1761 338; x_wconf 87' lang='lat' dir='ltr'>animum</span> 
     </span>
     <span class='ocr_line' id='line_1_4' title="bbox 342 362 1762 415; baseline 0.001 -10"><span class='ocrx_word' id='word_1_20' title='bbox 342 365 567 405; x_wconf 72' lang='lat' dir='ltr'>reuocauit</span> <span class='ocrx_word' id='word_1_21' title='bbox 601 376 730 404; x_wconf 88' lang='lat' dir='ltr'>uersu</span> <span class='ocrx_word' id='word_1_22' title='bbox 764 367 905 415; x_wconf 87' lang='lat' dir='ltr'>poeta.</span> <span class='ocrx_word' id='word_1_23' title='bbox 941 363 1027 405; x_wconf 84' lang='lat' dir='ltr'>Sed</span> <span class='ocrx_word' id='word_1_24' title='bbox 1063 362 1109 404; x_wconf 85' lang='lat' dir='ltr'>fr.</span> <span class='ocrx_word' id='word_1_25' title='bbox 1152 363 1247 414; x_wconf 70' lang='lat'>11‚5</span> <span class='ocrx_word' id='word_1_26' title='bbox 1283 364 1455 405; x_wconf 87' lang='lat' dir='ltr'>etiamsi</span> <span class='ocrx_word' id='word_1_27' title='bbox 1490 364 1608 405; x_wconf 90' lang='lat' dir='ltr'>nulla</span> <span class='ocrx_word' id='word_1_28' title='bbox 1643 370 1762 406; x_wconf 87' lang='lat' dir='ltr'>certa</span> 
     </span>
     <span class='ocr_line' id='line_1_5' title="bbox 342 431 1761 485; baseline 0.001 -12"><span class='ocrx_word' id='word_1_29' title='bbox 342 433 528 483; x_wconf 77' lang='lat' dir='ltr'>tangitur</span> <span class='ocrx_word' id='word_1_30' title='bbox 569 431 727 472; x_wconf 71' lang='lat' dir='ltr'>tabula.</span> <span class='ocrx_word' id='word_1_31' title='bbox 763 432 875 472; x_wconf 78' lang='lat' dir='ltr'>hanc</span> <span class='ocrx_word' id='word_1_32' title='bbox 910 432 1080 472; x_wconf 92' lang='lat' dir='ltr'>dicendi</span> <span class='ocrx_word' id='word_1_33' title='bbox 1104 432 1332 482; x_wconf 53' lang='lat' dir='ltr'>rationem⁷</span> <span class='ocrx_word' id='word_1_34' title='bbox 1369 445 1453 485; x_wconf 92' lang='lat' dir='ltr'>qua</span> <span class='ocrx_word' id='word_1_35' title='bbox 1478 432 1761 474; x_wconf 81' lang='lat' dir='ltr'>calliditatem</span> 
     </span>
     <span class='ocr_line' id='line_1_6' title="bbox 342 500 1762 554; baseline 0.001 -14"><span class='ocrx_word' id='word_1_36' title='bbox 342 501 615 552; x_wconf 71' lang='lat' dir='ltr'>reprehendit</span> <span class='ocrx_word' id='word_1_37' title='bbox 651 500 825 540; x_wconf 87' lang='lat' dir='ltr'>ciuium.</span> <span class='ocrx_word' id='word_1_38' title='bbox 861 513 1045 552; x_wconf 88' lang='lat' dir='ltr'>quorum</span> <span class='ocrx_word' id='word_1_39' title='bbox 1079 513 1205 541; x_wconf 89' lang='lat' dir='ltr'>suum</span> <span class='ocrx_word' id='word_1_40' title='bbox 1240 502 1422 554; x_wconf 85' lang='lat' dir='ltr'>quisque</span> <span class='ocrx_word' id='word_1_41' title='bbox 1446 502 1608 553; x_wconf 88' lang='lat' dir='ltr'>optime</span> <span class='ocrx_word' id='word_1_42' title='bbox 1629 501 1762 543; x_wconf 88' lang='lat' dir='ltr'>sciret</span> 
     </span>
     <span class='ocr_line' id='line_1_7' title="bbox 341 571 1759 624; baseline 0.001 -12"><span class='ocrx_word' id='word_1_43' title='bbox 341 572 462 624; x_wconf 89' lang='lat' dir='ltr'>sequi</span> <span class='ocrx_word' id='word_1_44' title='bbox 509 571 813 620; x_wconf 68' lang='lat' dir='ltr'>commodum,</span> <span class='ocrx_word' id='word_1_45' title='bbox 870 583 1151 611; x_wconf 87' lang='lat' dir='ltr'>communem</span> <span class='ocrx_word' id='word_1_46' title='bbox 1202 584 1288 612; x_wconf 88' lang='lat' dir='ltr'>non</span> <span class='ocrx_word' id='word_1_47' title='bbox 1338 576 1511 613; x_wconf 78' lang='lat' dir='ltr'>curaret</span> <span class='ocrx_word' id='word_1_48' title='bbox 1560 571 1759 623; x_wconf 67' lang='lat' dir='ltr'>saluteim</span> 
     </span>
     <span class='ocr_line' id='line_1_8' title="bbox 341 638 1762 692; baseline 0.001 -12"><span class='ocrx_word' id='word_1_49' title='bbox 341 640 665 692; x_wconf 80' lang='lat' dir='ltr'>suppeditatam</span> <span class='ocrx_word' id='word_1_50' title='bbox 702 639 757 679; x_wconf 89' lang='lat' dir='ltr'>illi</span> <span class='ocrx_word' id='word_1_51' title='bbox 793 651 891 680; x_wconf 88' lang='lat' dir='ltr'>esse</span> <span class='ocrx_word' id='word_1_52' title='bbox 925 652 950 679; x_wconf 74' lang='lat' dir='ltr'>a</span> <span class='ocrx_word' id='word_1_53' title='bbox 984 638 1131 680; x_wconf 83' lang='lat' dir='ltr'>fabula</span> <span class='ocrx_word' id='word_1_54' title='bbox 1165 652 1251 680; x_wconf 88' lang='lat' dir='ltr'>non</span> <span class='ocrx_word' id='word_1_55' title='bbox 1285 652 1518 692; x_wconf 85' lang='lat' dir='ltr'>possumus</span> <span class='ocrx_word' id='word_1_56' title='bbox 1564 653 1651 681; x_wconf 89' lang='lat' dir='ltr'>non</span> <span class='ocrx_word' id='word_1_57' title='bbox 1692 652 1762 681; x_wconf 86' lang='lat' dir='ltr'>ar-</span> 
     </span>
     <span class='ocr_line' id='line_1_9' title="bbox 342 707 1771 759; baseline 0.001 -11"><span class='ocrx_word' id='word_1_58' title='bbox 342 708 505 748; x_wconf 85' lang='lat' dir='ltr'>bitrari.</span> <span class='ocrx_word' id='word_1_59' title='bbox 562 708 768 748; x_wconf 79' lang='lat' dir='ltr'>Attamen</span> <span class='ocrx_word' id='word_1_60' title='bbox 801 707 1007 759; x_wconf 65' lang='lat' dir='ltr'>quoniam</span> <span class='ocrx_word' id='word_1_61' title='bbox 1043 707 1198 748; x_wconf 81' lang='lat' dir='ltr'>altiore</span> <span class='ocrx_word' id='word_1_62' title='bbox 1231 713 1307 748; x_wconf 90' lang='lat' dir='ltr'>aut</span> <span class='ocrx_word' id='word_1_63' title='bbox 1339 708 1562 749; x_wconf 88' lang='lat' dir='ltr'>subtiliore</span> <span class='ocrx_word' id='word_1_64' title='bbox 1596 707 1771 750; x_wconf 25' lang='lat' dir='ltr'>fabula-n</span> 
     </span>
     <span class='ocr_line' id='line_1_10' title="bbox 342 776 1762 830; baseline 0.001 -13"><span class='ocrx_word' id='word_1_65' title='bbox 342 790 435 817; x_wconf 88' lang='lat' dir='ltr'>rum</span> <span class='ocrx_word' id='word_1_66' title='bbox 481 776 728 827; x_wconf 77' lang='lat' dir='ltr'>cognitione</span> <span class='ocrx_word' id='word_1_67' title='bbox 771 789 879 828; x_wconf 86' lang='lat' dir='ltr'>opus</span> <span class='ocrx_word' id='word_1_68' title='bbox 922 776 1120 828; x_wconf 80' lang='lat' dir='ltr'>profecto</span> <span class='ocrx_word' id='word_1_69' title='bbox 1166 788 1251 817; x_wconf 88' lang='lat' dir='ltr'>non</span> <span class='ocrx_word' id='word_1_70' title='bbox 1286 781 1364 824; x_wconf 68' lang='lat' dir='ltr'>est,</span> <span class='ocrx_word' id='word_1_71' title='bbox 1413 782 1459 818; x_wconf 90' lang='lat' dir='ltr'>ut</span> <span class='ocrx_word' id='word_1_72' title='bbox 1492 778 1587 830; x_wconf 86' lang='lat' dir='ltr'>quis</span> <span class='ocrx_word' id='word_1_73' title='bbox 1621 777 1762 830; x_wconf 86' lang='lat' dir='ltr'>uulpis</span> 
     </span>
     <span class='ocr_line' id='line_1_11' title="bbox 341 843 1764 898; baseline 0.001 -13"><span class='ocrx_word' id='word_1_74' title='bbox 341 846 383 885; x_wconf 88' lang='lat' dir='ltr'>in</span> <span class='ocrx_word' id='word_1_75' title='bbox 419 845 469 885; x_wconf 89' lang='lat' dir='ltr'>iis</span> <span class='ocrx_word' id='word_1_76' title='bbox 503 849 743 896; x_wconf 85' lang='lat' dir='ltr'>cognoscat</span> <span class='ocrx_word' id='word_1_77' title='bbox 774 848 921 895; x_wconf 86' lang='lat' dir='ltr'>partes</span> <span class='ocrx_word' id='word_1_78' title='bbox 955 843 1276 896; x_wconf 85' lang='lat' dir='ltr'>uerborumque</span> <span class='ocrx_word' id='word_1_79' title='bbox 1318 844 1489 886; x_wconf 89' lang='lat' dir='ltr'>illorum</span> <span class='ocrx_word' id='word_1_80' title='bbox 1529 846 1764 898; x_wconf 84' lang='lat' dir='ltr'>perspiciat</span> 
     </span>
     <span class='ocr_line' id='line_1_12' title="bbox 339 912 1762 965; baseline 0.001 -12"><span class='ocrx_word' id='word_1_81' title='bbox 339 925 530 954; x_wconf 85' lang='lat' dir='ltr'>sensum.</span> <span class='ocrx_word' id='word_1_82' title='bbox 581 912 795 953; x_wconf 73' lang='lat' dir='ltr'>tantillam</span> <span class='ocrx_word' id='word_1_83' title='bbox 844 924 935 953; x_wconf 87' lang='lat' dir='ltr'>rem</span> <span class='ocrx_word' id='word_1_84' title='bbox 986 925 1039 953; x_wconf 89' lang='lat' dir='ltr'>ne</span> <span class='ocrx_word' id='word_1_85' title='bbox 1073 913 1201 953; x_wconf 87' lang='lat' dir='ltr'>nimis</span> <span class='ocrx_word' id='word_1_86' title='bbox 1252 926 1484 965; x_wconf 79' lang='lat' dir='ltr'>urgeamus</span> <span class='ocrx_word' id='word_1_87' title='bbox 1533 926 1643 955; x_wconf 91' lang='lat' dir='ltr'>neue</span> <span class='ocrx_word' id='word_1_88' title='bbox 1693 915 1762 956; x_wconf 89' lang='lat' dir='ltr'>uel</span> 
     </span>
     <span class='ocr_line' id='line_1_13' title="bbox 340 980 1763 1034; baseline 0.002 -13"><span class='ocrx_word' id='word_1_89' title='bbox 340 982 473 1034; x_wconf 83' lang='lat' dir='ltr'>probe</span> <span class='ocrx_word' id='word_1_90' title='bbox 506 986 657 1023; x_wconf 83' lang='lat' dir='ltr'>notum</span> <span class='ocrx_word' id='word_1_91' title='bbox 692 985 1007 1034; x_wconf 84' lang='lat' dir='ltr'>acceptumque</span> <span class='ocrx_word' id='word_1_92' title='bbox 1052 980 1185 1022; x_wconf 87' lang='lat' dir='ltr'>fuisse</span> <span class='ocrx_word' id='word_1_93' title='bbox 1231 982 1319 1022; x_wconf 88' lang='lat' dir='ltr'>iam</span> <span class='ocrx_word' id='word_1_94' title='bbox 1362 986 1454 1022; x_wconf 89' lang='lat' dir='ltr'>tum</span> <span class='ocrx_word' id='word_1_95' title='bbox 1486 981 1763 1024; x_wconf 87' lang='lat' dir='ltr'>Atheniensi-</span> 
     </span>
     <span class='ocr_line' id='line_1_14' title="bbox 343 1050 1762 1101; baseline 0.001 -11"><span class='ocrx_word' id='word_1_96' title='bbox 343 1050 421 1090; x_wconf 82' lang='lat' dir='ltr'>bus</span> <span class='ocrx_word' id='word_1_97' title='bbox 467 1050 712 1091; x_wconf 88' lang='lat' dir='ltr'>fabularum</span> <span class='ocrx_word' id='word_1_98' title='bbox 757 1062 892 1101; x_wconf 89' lang='lat' dir='ltr'>genus</span> <span class='ocrx_word' id='word_1_99' title='bbox 938 1055 1102 1091; x_wconf 87' lang='lat' dir='ltr'>temere</span> <span class='ocrx_word' id='word_1_100' title='bbox 1152 1051 1467 1091; x_wconf 75' lang='lat' dir='ltr'>concludamus</span> <span class='ocrx_word' id='word_1_101' title='bbox 1516 1051 1762 1092; x_wconf 86' lang='lat' dir='ltr'>cauendum</span> 
     </span>
     <span class='ocr_line' id='line_1_15' title="bbox 341 1118 1764 1172; baseline 0.001 -13"><span class='ocrx_word' id='word_1_102' title='bbox 341 1123 417 1159; x_wconf 85' lang='lat' dir='ltr'>est.</span> <span class='ocrx_word' id='word_1_103' title='bbox 484 1118 616 1160; x_wconf 80' lang='lat' dir='ltr'>Solon</span> <span class='ocrx_word' id='word_1_104' title='bbox 650 1119 821 1171; x_wconf 84' lang='lat' dir='ltr'>quidem</span> <span class='ocrx_word' id='word_1_105' title='bbox 872 1119 975 1171; x_wconf 84' lang='lat' dir='ltr'>quin</span> <span class='ocrx_word' id='word_1_106' title='bbox 1008 1119 1051 1159; x_wconf 88' lang='lat' dir='ltr'>in</span> <span class='ocrx_word' id='word_1_107' title='bbox 1092 1119 1330 1169; x_wconf 70' lang='lat' dir='ltr'>itineribus,</span> <span class='ocrx_word' id='word_1_108' title='bbox 1383 1119 1425 1158; x_wconf 89' lang='lat' dir='ltr'>in</span> <span class='ocrx_word' id='word_1_109' title='bbox 1482 1118 1637 1171; x_wconf 83' lang='lat' dir='ltr'>quibus</span> <span class='ocrx_word' id='word_1_110' title='bbox 1670 1118 1764 1172; x_wconf 91' lang='lat' dir='ltr'>plu-</span> 
     </span>
     <span class='ocr_line' id='line_1_16' title="bbox 341 1187 1763 1240; baseline 0.001 -13"><span class='ocrx_word' id='word_1_111' title='bbox 341 1188 451 1228; x_wconf 82' lang='lat' dir='ltr'>rima</span> <span class='ocrx_word' id='word_1_112' title='bbox 496 1187 738 1227; x_wconf 84' lang='lat' dir='ltr'>ciuitatium</span> <span class='ocrx_word' id='word_1_113' title='bbox 786 1187 983 1227; x_wconf 88' lang='lat' dir='ltr'>instituta</span> <span class='ocrx_word' id='word_1_114' title='bbox 1027 1199 1266 1240; x_wconf 88' lang='lat' dir='ltr'>earumque</span> <span class='ocrx_word' id='word_1_115' title='bbox 1309 1188 1598 1238; x_wconf 79' lang='lat' dir='ltr'>regendarum</span> <span class='ocrx_word' id='word_1_116' title='bbox 1646 1191 1763 1229; x_wconf 89' lang='lat' dir='ltr'>artes</span> 
     </span>
     <span class='ocr_line' id='line_1_17' title="bbox 340 1254 1763 1310; baseline 0 -13"><span class='ocrx_word' id='word_1_117' title='bbox 340 1256 558 1307; x_wconf 80' lang='lat' dir='ltr'>cognouit⁷</span> <span class='ocrx_word' id='word_1_118' title='bbox 603 1257 735 1296; x_wconf 89' lang='lat' dir='ltr'>etiam</span> <span class='ocrx_word' id='word_1_119' title='bbox 781 1254 1025 1296; x_wconf 82' lang='lat' dir='ltr'>fabularum</span> <span class='ocrx_word' id='word_1_120' title='bbox 1072 1257 1363 1307; x_wconf 80' lang='lat' dir='ltr'>cognitionem</span> <span class='ocrx_word' id='word_1_121' title='bbox 1408 1255 1657 1297; x_wconf 88' lang='lat' dir='ltr'>hominibus</span> <span class='ocrx_word' id='word_1_122' title='bbox 1691 1256 1763 1310; x_wconf 88' lang='lat' dir='ltr'>qui</span> 
     </span>
     <span class='ocr_line' id='line_1_18' title="bbox 340 1324 1763 1377; baseline 0.001 -13"><span class='ocrx_word' id='word_1_123' title='bbox 340 1325 381 1364; x_wconf 82' lang='lat' dir='ltr'>iii</span> <span class='ocrx_word' id='word_1_124' title='bbox 415 1325 597 1376; x_wconf 85' lang='lat' dir='ltr'>negotiis</span> <span class='ocrx_word' id='word_1_125' title='bbox 631 1324 816 1376; x_wconf 85' lang='lat' dir='ltr'>puhlicis</span> <span class='ocrx_word' id='word_1_126' title='bbox 849 1324 1142 1365; x_wconf 83' lang='lat' dir='ltr'>uersabantur</span> <span class='ocrx_word' id='word_1_127' title='bbox 1174 1329 1266 1365; x_wconf 90' lang='lat' dir='ltr'>tum</span> <span class='ocrx_word' id='word_1_128' title='bbox 1300 1328 1548 1377; x_wconf 82' lang='lat' dir='ltr'>pergratam</span> <span class='ocrx_word' id='word_1_129' title='bbox 1583 1325 1638 1366; x_wconf 87' lang='lat' dir='ltr'>sit</span> <span class='ocrx_word' id='word_1_130' title='bbox 1660 1325 1763 1366; x_wconf 90' lang='lat' dir='ltr'>ade-</span> 
     </span>
     <span class='ocr_line' id='line_1_19' title="bbox 337 1393 1762 1446; baseline 0.001 -13"><span class='ocrx_word' id='word_1_131' title='bbox 337 1399 434 1445; x_wconf 87' lang='lat' dir='ltr'>ptus</span> <span class='ocrx_word' id='word_1_132' title='bbox 470 1406 555 1433; x_wconf 86' lang='lat' dir='ltr'>non</span> <span class='ocrx_word' id='word_1_133' title='bbox 589 1398 655 1434; x_wconf 88' lang='lat' dir='ltr'>est</span> <span class='ocrx_word' id='word_1_134' title='bbox 687 1393 801 1446; x_wconf 86' lang='lat' dir='ltr'>quod</span> <span class='ocrx_word' id='word_1_135' title='bbox 836 1393 1095 1434; x_wconf 87' lang='lat' dir='ltr'>dubitemus.</span> <span class='ocrx_word' id='word_1_136' title='bbox 1142 1394 1376 1434; x_wconf 87' lang='lat' dir='ltr'>Enimuero</span> <span class='ocrx_word' id='word_1_137' title='bbox 1411 1406 1510 1434; x_wconf 90' lang='lat' dir='ltr'>cum</span> <span class='ocrx_word' id='word_1_138' title='bbox 1544 1394 1762 1435; x_wconf 84' lang='lat' dir='ltr'>maximus</span> 
     </span>
     <span class='ocr_line' id='line_1_20' title="bbox 338 1461 1762 1514; baseline 0 -12"><span class='ocrx_word' id='word_1_139' title='bbox 338 1462 395 1502; x_wconf 89' lang='lat' dir='ltr'>illi</span> <span class='ocrx_word' id='word_1_140' title='bbox 430 1462 552 1502; x_wconf 83' lang='lat' dir='ltr'>labor</span> <span class='ocrx_word' id='word_1_141' title='bbox 585 1462 823 1502; x_wconf 74' lang='lat' dir='ltr'>exstitisset</span> <span class='ocrx_word' id='word_1_142' title='bbox 859 1462 1020 1502; x_wconf 84' lang='lat' dir='ltr'>ciuium</span> <span class='ocrx_word' id='word_1_143' title='bbox 1049 1462 1221 1502; x_wconf 87' lang='lat' dir='ltr'>animos</span> <span class='ocrx_word' id='word_1_144' title='bbox 1248 1462 1303 1502; x_wconf 90' lang='lat' dir='ltr'>ad</span> <span class='ocrx_word' id='word_1_145' title='bbox 1328 1466 1450 1502; x_wconf 81' lang='lat' dir='ltr'>recta</span> <span class='ocrx_word' id='word_1_146' title='bbox 1474 1462 1516 1502; x_wconf 90' lang='lat' dir='ltr'>in</span> <span class='ocrx_word' id='word_1_147' title='bbox 1538 1461 1762 1514; x_wconf 88' lang='lat' dir='ltr'>republica</span> 
     </span>
     <span class='ocr_line' id='line_1_21' title="bbox 342 1531 1762 1583; baseline 0.001 -12"><span class='ocrx_word' id='word_1_148' title='bbox 342 1531 521 1571; x_wconf 82' lang='lat' dir='ltr'>consilia</span> <span class='ocrx_word' id='word_1_149' title='bbox 558 1531 713 1583; x_wconf 88' lang='lat' dir='ltr'>quauis</span> <span class='ocrx_word' id='word_1_150' title='bbox 748 1531 916 1572; x_wconf 86' lang='lat' dir='ltr'>ratione</span> <span class='ocrx_word' id='word_1_151' title='bbox 951 1531 1162 1581; x_wconf 86' lang='lat' dir='ltr'>dirigendi</span> <span class='ocrx_word' id='word_1_152' title='bbox 1185 1531 1490 1583; x_wconf 85' lang='lat' dir='ltr'>continuisque</span> <span class='ocrx_word' id='word_1_153' title='bbox 1522 1531 1762 1572; x_wconf 86' lang='lat' dir='ltr'>iactaretur</span> 
     </span>
     <span class='ocr_line' id='line_1_22' title="bbox 340 1598 1761 1651; baseline 0.001 -12"><span class='ocrx_word' id='word_1_154' title='bbox 340 1599 591 1639; x_wconf 81' lang='lat' dir='ltr'>domesticis</span> <span class='ocrx_word' id='word_1_155' title='bbox 639 1598 932 1639; x_wconf 83' lang='lat' dir='ltr'>simultatibus</span> <span class='ocrx_word' id='word_1_156' title='bbox 977 1610 1163 1651; x_wconf 88' lang='lat' dir='ltr'>cumque</span> <span class='ocrx_word' id='word_1_157' title='bbox 1202 1599 1337 1639; x_wconf 88' lang='lat' dir='ltr'>multo</span> <span class='ocrx_word' id='word_1_158' title='bbox 1370 1599 1495 1651; x_wconf 86' lang='lat' dir='ltr'>plura</span> <span class='ocrx_word' id='word_1_159' title='bbox 1528 1599 1622 1640; x_wconf 90' lang='lat' dir='ltr'>siue</span> <span class='ocrx_word' id='word_1_160' title='bbox 1654 1611 1761 1641; x_wconf 89' lang='lat' dir='ltr'>uera</span> 
     </span>
     <span class='ocr_line' id='line_1_23' title="bbox 342 1666 1754 1720; baseline 0.001 -13"><span class='ocrx_word' id='word_1_161' title='bbox 342 1668 566 1708; x_wconf 81' lang='lat' dir='ltr'>siue-licta</span> <span class='ocrx_word' id='word_1_162' title='bbox 600 1668 760 1708; x_wconf 84' lang='lat' dir='ltr'>tradita</span> <span class='ocrx_word' id='word_1_163' title='bbox 794 1667 919 1708; x_wconf 86' lang='lat' dir='ltr'>nobis</span> <span class='ocrx_word' id='word_1_164' title='bbox 954 1667 1051 1708; x_wconf 91' lang='lat' dir='ltr'>sint.</span> <span class='ocrx_word' id='word_1_165' title='bbox 1095 1679 1206 1720; x_wconf 89' lang='lat' dir='ltr'>quae</span> <span class='ocrx_word' id='word_1_166' title='bbox 1240 1666 1412 1708; x_wconf 81' lang='lat' dir='ltr'>Solonis</span> <span class='ocrx_word' id='word_1_167' title='bbox 1447 1671 1593 1708; x_wconf 86' lang='lat' dir='ltr'>aetate</span> <span class='ocrx_word' id='word_1_168' title='bbox 1627 1667 1754 1709; x_wconf 88' lang='lat' dir='ltr'>Athe-</span> 
     </span>
     <span class='ocr_line' id='line_1_24' title="bbox 342 1736 1762 1788; baseline 0.001 -13"><span class='ocrx_word' id='word_1_169' title='bbox 342 1736 407 1776; x_wconf 81' lang='lat' dir='ltr'>nis</span> <span class='ocrx_word' id='word_1_170' title='bbox 451 1740 489 1776; x_wconf 93' lang='lat' dir='ltr'>et</span> <span class='ocrx_word' id='word_1_171' title='bbox 533 1740 653 1787; x_wconf 79' lang='lat' dir='ltr'>gesta</span> <span class='ocrx_word' id='word_1_172' title='bbox 698 1740 740 1777; x_wconf 86' lang='lat' dir='ltr'>et</span> <span class='ocrx_word' id='word_1_173' title='bbox 785 1736 902 1776; x_wconf 82' lang='lat' dir='ltr'>dicta</span> <span class='ocrx_word' id='word_1_174' title='bbox 946 1736 1150 1776; x_wconf 87' lang='lat' dir='ltr'>dicuntur</span> <span class='ocrx_word' id='word_1_175' title='bbox 1193 1748 1323 1787; x_wconf 85' lang='lat' dir='ltr'>quam</span> <span class='ocrx_word' id='word_1_176' title='bbox 1367 1737 1521 1777; x_wconf 88' lang='lat' dir='ltr'>eodem</span> <span class='ocrx_word' id='word_1_177' title='bbox 1564 1740 1762 1788; x_wconf 89' lang='lat' dir='ltr'>tempore</span> 
     </span>
     <span class='ocr_line' id='line_1_25' title="bbox 342 1803 1763 1856; baseline 0 -11"><span class='ocrx_word' id='word_1_178' title='bbox 342 1805 543 1845; x_wconf 78' lang='lat' dir='ltr'>Himerae</span> <span class='ocrx_word' id='word_1_179' title='bbox 577 1809 694 1856; x_wconf 77' lang='lat' dir='ltr'>gestu</span> <span class='ocrx_word' id='word_1_180' title='bbox 731 1805 998 1856; x_wconf 82' lang='lat' dir='ltr'>accepimus,</span> <span class='ocrx_word' id='word_1_181' title='bbox 1032 1804 1103 1844; x_wconf 87' lang='lat' dir='ltr'>ubi</span> <span class='ocrx_word' id='word_1_182' title='bbox 1129 1808 1255 1845; x_wconf 85' lang='lat' dir='ltr'>uetus</span> <span class='ocrx_word' id='word_1_183' title='bbox 1280 1803 1525 1845; x_wconf 78' lang='lat' dir='ltr'>fabularum</span> <span class='ocrx_word' id='word_1_184' title='bbox 1550 1804 1763 1846; x_wconf 86' lang='lat' dir='ltr'>memoria</span> 
     </span>
     <span class='ocr_line' id='line_1_26' title="bbox 341 1872 1764 1925; baseline -0.001 -10"><span class='ocrx_word' id='word_1_185' title='bbox 341 1878 517 1915; x_wconf 85' lang='lat' dir='ltr'>seruata</span> <span class='ocrx_word' id='word_1_186' title='bbox 552 1878 636 1913; x_wconf 85' lang='lat' dir='ltr'>est:</span> <span class='ocrx_word' id='word_1_187' title='bbox 673 1874 728 1914; x_wconf 85' lang='lat' dir='ltr'>ad</span> <span class='ocrx_word' id='word_1_188' title='bbox 762 1873 933 1914; x_wconf 84' lang='lat' dir='ltr'>fabulas</span> <span class='ocrx_word' id='word_1_189' title='bbox 967 1877 1116 1914; x_wconf 89' lang='lat' dir='ltr'>tamen</span> <span class='ocrx_word' id='word_1_190' title='bbox 1150 1875 1191 1913; x_wconf 88' lang='lat' dir='ltr'>in</span> <span class='ocrx_word' id='word_1_191' title='bbox 1225 1873 1530 1925; x_wconf 85' lang='lat' dir='ltr'>persuadendo</span> <span class='ocrx_word' id='word_1_192' title='bbox 1554 1872 1764 1914; x_wconf 85' lang='lat' dir='ltr'>adhiben-</span> 
     </span>
     <span class='ocr_line' id='line_1_27' title="bbox 341 1941 1761 1994; baseline 0 -13"><span class='ocrx_word' id='word_1_193' title='bbox 341 1943 420 1983; x_wconf 83' lang='lat' dir='ltr'>‹las</span> <span class='ocrx_word' id='word_1_194' title='bbox 469 1942 582 1994; x_wconf 74' lang='lat' dir='ltr'>quod</span> <span class='ocrx_word' id='word_1_195' title='bbox 630 1941 700 1983; x_wconf 89' lang='lat' dir='ltr'>ille</span> <span class='ocrx_word' id='word_1_196' title='bbox 746 1954 886 1994; x_wconf 81' lang='lat' dir='ltr'>paene</span> <span class='ocrx_word' id='word_1_197' title='bbox 927 1954 1013 1982; x_wconf 87' lang='lat' dir='ltr'>non</span> <span class='ocrx_word' id='word_1_198' title='bbox 1055 1942 1294 1982; x_wconf 86' lang='lat' dir='ltr'>descendit.</span> <span class='ocrx_word' id='word_1_199' title='bbox 1345 1941 1637 1982; x_wconf 84' lang='lat' dir='ltr'>Athenienses</span> <span class='ocrx_word' id='word_1_200' title='bbox 1670 1945 1761 1982; x_wconf 90' lang='lat' dir='ltr'>tum</span> 
     </span>
     <span class='ocr_line' id='line_1_28' title="bbox 341 2010 1762 2062; baseline -0.001 -11"><span class='ocrx_word' id='word_1_201' title='bbox 341 2023 416 2051; x_wconf 79' lang='lat' dir='ltr'>eas</span> <span class='ocrx_word' id='word_1_202' title='bbox 451 2011 671 2062; x_wconf 80' lang='lat' dir='ltr'>aspernati</span> <span class='ocrx_word' id='word_1_203' title='bbox 708 2023 805 2052; x_wconf 90' lang='lat' dir='ltr'>esse</span> <span class='ocrx_word' id='word_1_204' title='bbox 840 2022 920 2052; x_wconf 90' lang='lat' dir='ltr'>nec</span> <span class='ocrx_word' id='word_1_205' title='bbox 955 2011 997 2051; x_wconf 91' lang='lat' dir='ltr'>in</span> <span class='ocrx_word' id='word_1_206' title='bbox 1032 2010 1118 2051; x_wconf 91' lang='lat' dir='ltr'>ullo</span> <span class='ocrx_word' id='word_1_207' title='bbox 1154 2010 1362 2052; x_wconf 84' lang='lat' dir='ltr'>habuisse</span> <span class='ocrx_word' id='word_1_208' title='bbox 1395 2021 1578 2051; x_wconf 89' lang='lat' dir='ltr'>numero</span> <span class='ocrx_word' id='word_1_209' title='bbox 1615 2010 1762 2051; x_wconf 86' lang='lat' dir='ltr'>existi-</span> 
     </span>
     <span class='ocr_line' id='line_1_29' title="bbox 343 2080 1081 2137; baseline 0.003 -18"><span class='ocrx_word' id='word_1_210' title='bbox 343 2080 490 2120; x_wconf 88' lang='lat' dir='ltr'>mandi</span> <span class='ocrx_word' id='word_1_211' title='bbox 524 2083 636 2120; x_wconf 84' lang='lat' dir='ltr'>sunt.</span> <span class='ocrx_word' id='word_1_212' title='bbox 1079 2133 1081 2137; x_wconf 69' lang='lat'>,</span> 
     </span>
    </p>

    <p class='ocr_par' dir='ltr' id='par_1_3' title="bbox 341 2146 1781 2667">
     <span class='ocr_line' id='line_1_30' title="bbox 431 2146 1761 2200; baseline 0.002 -13"><span class='ocrx_word' id='word_1_213' title='bbox 431 2148 714 2200; x_wconf 77' lang='lat' dir='ltr'>Hipponactis</span> <span class='ocrx_word' id='word_1_214' title='bbox 760 2148 801 2187; x_wconf 89' lang='lat' dir='ltr'>in</span> <span class='ocrx_word' id='word_1_215' title='bbox 849 2148 911 2188; x_wconf 92' lang='lat' dir='ltr'>eis</span> <span class='ocrx_word' id='word_1_216' title='bbox 960 2148 1031 2200; x_wconf 87' lang='lat' dir='ltr'>qui</span> <span class='ocrx_word' id='word_1_217' title='bbox 1078 2147 1202 2188; x_wconf 83' lang='lat' dir='ltr'>nohis</span> <span class='ocrx_word' id='word_1_218' title='bbox 1246 2146 1384 2188; x_wconf 86' lang='lat' dir='ltr'>relicti</span> <span class='ocrx_word' id='word_1_219' title='bbox 1417 2151 1517 2187; x_wconf 89' lang='lat' dir='ltr'>sunt</span> <span class='ocrx_word' id='word_1_220' title='bbox 1549 2147 1761 2191; x_wconf 71' lang='lat' dir='ltr'>uersibus,</span> 
     </span>
     <span class='ocr_line' id='line_1_31' title="bbox 341 2214 1781 2271; baseline 0.001 -16"><span class='ocrx_word' id='word_1_221' title='bbox 341 2216 498 2268; x_wconf 87' lang='lat' dir='ltr'>quippe</span> <span class='ocrx_word' id='word_1_222' title='bbox 542 2216 613 2268; x_wconf 85' lang='lat' dir='ltr'>qui</span> <span class='ocrx_word' id='word_1_223' title='bbox 647 2215 901 2256; x_wconf 83' lang='lat' dir='ltr'>Archilochi</span> <span class='ocrx_word' id='word_1_224' title='bbox 944 2216 1265 2256; x_wconf 87' lang='lat' dir='ltr'>studiosissime</span> <span class='ocrx_word' id='word_1_225' title='bbox 1314 2214 1523 2267; x_wconf 84' lang='lat' dir='ltr'>presserit</span> <span class='ocrx_word' id='word_1_226' title='bbox 1564 2215 1781 2271; x_wconf 48' lang='lat' dir='ltr'>uestigia„</span> 
     </span>
     <span class='ocr_line' id='line_1_32' title="bbox 341 2283 1764 2337; baseline 0.001 -14"><span class='ocrx_word' id='word_1_227' title='bbox 341 2285 457 2337; x_wconf 86' lang='lat' dir='ltr'>quod</span> <span class='ocrx_word' id='word_1_228' title='bbox 494 2284 666 2325; x_wconf 74' lang='lat' dir='ltr'>fabulae</span> <span class='ocrx_word' id='word_1_229' title='bbox 700 2285 884 2337; x_wconf 86' lang='lat' dir='ltr'>requiris</span> <span class='ocrx_word' id='word_1_230' title='bbox 919 2285 1116 2336; x_wconf 83' lang='lat' dir='ltr'>uestigia.</span> <span class='ocrx_word' id='word_1_231' title='bbox 1153 2285 1311 2325; x_wconf 86' lang='lat' dir='ltr'>mirum</span> <span class='ocrx_word' id='word_1_232' title='bbox 1346 2295 1453 2324; x_wconf 89' lang='lat' dir='ltr'>sane</span> <span class='ocrx_word' id='word_1_233' title='bbox 1487 2287 1564 2324; x_wconf 87' lang='lat' dir='ltr'>est.</span> <span class='ocrx_word' id='word_1_234' title='bbox 1613 2283 1764 2337; x_wconf 87' lang='lat' dir='ltr'>Neque</span> 
     </span>
     <span class='ocr_line' id='line_1_33' title="bbox 343 2351 1760 2404; baseline -0.001 -11"><span class='ocrx_word' id='word_1_235' title='bbox 343 2352 457 2393; x_wconf 90' lang='lat' dir='ltr'>enim</span> <span class='ocrx_word' id='word_1_236' title='bbox 502 2356 624 2392; x_wconf 85' lang='lat' dir='ltr'>caret</span> <span class='ocrx_word' id='word_1_237' title='bbox 667 2364 811 2393; x_wconf 89' lang='lat' dir='ltr'>sermo</span> <span class='ocrx_word' id='word_1_238' title='bbox 858 2353 950 2393; x_wconf 88' lang='lat' dir='ltr'>eius</span> <span class='ocrx_word' id='word_1_239' title='bbox 997 2351 1402 2404; x_wconf 86' lang='lat' dir='ltr'>comparationibus</span> <span class='ocrx_word' id='word_1_240' title='bbox 1450 2351 1506 2392; x_wconf 87' lang='lat' dir='ltr'>ad</span> <span class='ocrx_word' id='word_1_241' title='bbox 1554 2351 1760 2393; x_wconf 82' lang='lat' dir='ltr'>animalia</span> 
     </span>
     <span class='ocr_line' id='line_1_34' title="bbox 343 2419 1760 2472; baseline -0.001 -11"><span class='ocrx_word' id='word_1_242' title='bbox 343 2420 661 2472; x_wconf 39' lang='lat' dir='ltr'>spectantibus</span> <span class='ocrx_word' id='word_1_243' title='bbox 697 2420 816 2461; x_wconf 89' lang='lat' dir='ltr'>uelut</span> <span class='ocrx_word' id='word_1_244' title='bbox 850 2420 897 2461; x_wconf 84' lang='lat' dir='ltr'>fr.</span> <span class='ocrx_word' id='word_1_245' title='bbox 933 2422 971 2470; x_wconf 73' lang='lat'>2,</span> <span class='ocrx_word' id='word_1_246' title='bbox 1006 2420 1075 2465; x_wconf 63' lang='lat'>54„</span> <span class='ocrx_word' id='word_1_247' title='bbox 1112 2420 1167 2460; x_wconf 86' lang='grc'>68</span> <span class='ocrx_word' id='word_1_248' title='bbox 1181 2420 1227 2471; x_wconf 64' lang='grc' dir='ltr'>Β,</span> <span class='ocrx_word' id='word_1_249' title='bbox 1263 2420 1332 2470; x_wconf 80' lang='lat'>69,</span> <span class='ocrx_word' id='word_1_250' title='bbox 1369 2419 1436 2460; x_wconf 83' lang='lat'>70.</span> <span class='ocrx_word' id='word_1_251' title='bbox 1492 2419 1585 2461; x_wconf 91' lang='lat' dir='ltr'>Uno</span> <span class='ocrx_word' id='word_1_252' title='bbox 1620 2419 1669 2460; x_wconf 90' lang='lat' dir='ltr'>fr.</span> <span class='ocrx_word' id='word_1_253' title='bbox 1705 2420 1760 2460; x_wconf 82' lang='lat'>76</span> 
     </span>
     <span class='ocr_line' id='line_1_35' title="bbox 342 2488 1760 2542; baseline -0.001 -13"><span class='ocrx_word' id='word_1_254' title='bbox 342 2489 470 2542; x_wconf 85' lang='lat' dir='ltr'>plane</span> <span class='ocrx_word' id='word_1_255' title='bbox 505 2489 643 2530; x_wconf 76' lang='lat' dir='ltr'>obiter</span> <span class='ocrx_word' id='word_1_256' title='bbox 671 2490 789 2541; x_wconf 85' lang='lat' dir='ltr'>tangi</span> <span class='ocrx_word' id='word_1_257' title='bbox 815 2490 1038 2541; x_wconf 88' lang='lat' dir='ltr'>suspicere</span> <span class='ocrx_word' id='word_1_258' title='bbox 1064 2488 1254 2530; x_wconf 82' lang='lat' dir='ltr'>fabulam</span> <span class='ocrx_word' id='word_1_259' title='bbox 1280 2488 1485 2541; x_wconf 82' lang='lat' dir='ltr'>aliquam,</span> <span class='ocrx_word' id='word_1_260' title='bbox 1520 2488 1635 2541; x_wconf 86' lang='lat' dir='ltr'>quod</span> <span class='ocrx_word' id='word_1_261' title='bbox 1659 2488 1760 2541; x_wconf 71' lang='grc' dir='ltr'>ἐρῳ-</span> 
     </span>
     <span class='ocr_line' id='line_1_36' title="bbox 345 2554 1761 2608; baseline 0.001 -13"><span class='ocrx_word' id='word_1_262' title='bbox 345 2555 433 2595; x_wconf 63' lang='grc' dir='ltr'><em>ὸιόιν</em></span> <span class='ocrx_word' id='word_1_263' title='bbox 465 2556 708 2597; x_wconf 77' lang='lat' dir='ltr'>fabularum</span> <span class='ocrx_word' id='word_1_264' title='bbox 744 2557 1195 2598; x_wconf 73' lang='lat' dir='ltr'>narratoribus‘haud</span> <span class='ocrx_word' id='word_1_265' title='bbox 1231 2557 1447 2608; x_wconf 90' lang='lat' dir='ltr'>ingratum</span> <span class='ocrx_word' id='word_1_266' title='bbox 1494 2554 1626 2597; x_wconf 88' lang='lat' dir='ltr'>fuisse</span> <span class='ocrx_word' id='word_1_267' title='bbox 1668 2556 1761 2597; x_wconf 91' lang='lat' dir='ltr'>ani-</span> 
     </span>
     <span class='ocr_line' id='line_1_37' title="bbox 343 2623 1079 2667; baseline 0.004 -4"><span class='ocrx_word' id='word_1_268' title='bbox 343 2623 431 2664; x_wconf 87' lang='lat' dir='ltr'>mal</span> <span class='ocrx_word' id='word_1_269' title='bbox 465 2623 628 2665; x_wconf 78' lang='lat' dir='ltr'>Simon.</span> <span class='ocrx_word' id='word_1_270' title='bbox 665 2624 759 2665; x_wconf 87' lang='lat' dir='ltr'>Am.</span> <span class='ocrx_word' id='word_1_271' title='bbox 798 2624 845 2665; x_wconf 84' lang='lat' dir='ltr'>fr.</span> <span class='ocrx_word' id='word_1_272' title='bbox 881 2624 906 2665; x_wconf 87' lang='lat'>8</span> <span class='ocrx_word' id='word_1_273' title='bbox 941 2626 1079 2667; x_wconf 79' lang='lat' dir='ltr'>docet.</span> 
     </span>
    </p>
   </div>
  </div>
 </body>
</html>
