1854 3017
975 152 1019 185 32

288 254 353 288 lus
394 247 603 288 abstinuit
636 246 708 286 illa
743 259 852 288 uoce
886 249 1117 300 perspicue
1159 261 1252 301 pac.
1296 248 1379 289 129
1418 249 1564 290 uerbis
1602 262 1709 292 usus

288 316 329 353 ἐν
358 319 491 352 τοῖσιν
519 311 722 353 Αἰσώπου
752 311 948 365 λόγοις,
997 329 1065 358 au.
1102 315 1183 357 651
1225 318 1267 354 ἐν
1296 315 1505 354 Αἰσώπου
1535 314 1708 369 λὸροις

288 380 400 447 ἐσὶτίν
431 378 720 430 λεγόμενον,
755 394 873 435 Hesp.
912 383 1025 423 1448
1051 380 1071 421 ὅ
1093 383 1208 437 (scil.
1229 384 1454 438 AesopUS)
1490 381 1708 431 δ”ἔλὲξέν

288 454 443 484 αι’τυις.

374 507 463 548 Iam
507 509 621 561 quod
655 509 697 548 in
732 511 889 550 ceteris
930 511 1125 552 eiusdem
1170 512 1409 553 comoediis
1444 516 1486 552 et
1519 512 1705 553 aliarum

287 575 608 618 historiolarum
644 581 686 618 et
721 576 967 619 fabularum
1001 581 1164 621 mentio
1198 584 1382 632 apparet
1400 592 1539 632 paene
1572 580 1704 632 nulla,

287 644 326 683 in
372 645 517 697 uespis
567 649 656 686 tam
697 645 915 701 frequens,
967 653 1011 688 ut
1054 661 1142 689 non
1186 661 1293 689 casu
1336 649 1413 690 sed
1447 648 1630 690 consilio
1664 649 1707 690 id

288 712 447 752 factum
483 725 580 754 esse
615 715 946 755 concedendum
980 717 1047 763 sit,
1082 716 1238 757 iisdem
1272 720 1316 757 ut
1355 717 1608 757 uniuersam
1643 715 1707 757 fa·-

285 779 498 831 bularum,
535 769 617 834 qua
652 786 743 822 tum
778 788 915 831 erant,
953 784 1256 825 condicionem
1280 784 1543 826 adumbrare
1565 786 1708 837 possi—

284 861 379 888 mus
414 862 621 902 prospere
655 852 845 903 contigit.
897 853 1006 893 Nam
1045 853 1188 905 uespis
1222 854 1325 906 quin
1358 854 1539 893 nimiam
1573 853 1707 895 Athe-

283 917 497 958 niensium
542 919 583 959 in
628 921 817 961 comitiis
870 922 1131 975 iudiciisque
1165 922 1371 963 uersandi
1421 922 1705 974 cupiditatem

283 998 463 1037 carpere
496 987 813 1040 Aristophanes
848 990 1033 1031 uoluerit
1066 991 1242 1031 dubium
1267 1003 1353 1031 non
1376 994 1453 1031 est.
1490 989 1620 1031 Cuius
1642 991 1705 1031 rei

283 1055 354 1106 qui
388 1055 428 1094 in
464 1055 547 1096 har
582 1058 810 1099 comoedia
845 1058 1016 1110 fingitur
1049 1071 1147 1100 esse
1180 1058 1527 1100 studiosissimus
1560 1058 1707 1100 Philo-

284 1123 409 1164 cleon
443 1137 510 1164 uu.
546 1124 631 1165 566
667 1140 729 1179 sq.
764 1128 969 1178 gaudium
992 1128 1232 1180 praedicat,
1269 1128 1383 1180 quod
1400 1139 1453 1168 ex
1476 1127 1706 1168 audiendis

283 1191 338 1231 ibi
374 1193 574 1244 capiatur
607 1194 765 1236 fabulis
799 1200 840 1237 et
874 1195 1044 1237 facetiis
1079 1196 1234 1250 quibus
1270 1197 1535 1238 altercantes
1555 1200 1704 1248 partes

282 1260 395 1301 inter
436 1273 482 1302 se
522 1266 701 1314 certent,
749 1268 790 1305 et
830 1265 929 1306 inde
963 1278 1031 1306 au.
1078 1265 1188 1306 1401
1234 1265 1327 1317 ipse
1372 1263 1489 1305 facili
1532 1265 1708 1316 negotio

282 1341 422 1380 paene
455 1331 765 1373 inexhaustam
800 1345 951 1374 earum
985 1346 1130 1374 rerum
1165 1338 1334 1374 eructat
1367 1332 1704 1383 multitudinem,

283 1410 390 1449 quas
424 1400 537 1439 unde
572 1402 822 1452 cognouerit
860 1401 977 1443 haud
1009 1401 1221 1453 ambigas.
1288 1401 1445 1443 Causis
1479 1401 1606 1453 igitur
1638 1401 1708 1442 his

284 1465 525 1508 luculenter
547 1469 825 1521 comprobari
849 1471 977 1512 uideo
1000 1470 1308 1523 Aristophanis
1332 1473 1477 1511 aetate
1503 1469 1572 1511 uel
1595 1469 1708 1510 adeo

284 1535 425 1575 medio
459 1536 637 1577 saeculo
672 1538 822 1590 quinto
855 1538 1038 1579 Athenis
1072 1539 1115 1579 in
1150 1539 1321 1580 iudiciis
1359 1538 1550 1579 maxime
1577 1538 1706 1580 tritas

283 1607 324 1643 et
357 1604 616 1646 decantatas
652 1618 749 1648 esse
784 1607 970 1659 fabulas,
1019 1609 1282 1649 commixtas
1316 1620 1393 1649 eas
1427 1620 1526 1648 cum
1561 1607 1706 1648 cuius-

284 1671 385 1712 libet
418 1674 586 1724 generis
621 1676 975 1727 narratiunculis,
1017 1689 1168 1718 earum
1202 1677 1432 1729 pristinam
1466 1676 1705 1717 auctorita-

284 1743 369 1780 tem
404 1745 443 1781 et
477 1743 738 1793 grauitatem
773 1743 1001 1796 defecisse,
1037 1757 1267 1786 numerum
1302 1745 1458 1785 mirum
1492 1747 1703 1797 quantum

282 1811 545 1861 accreuisse,
593 1825 719 1853 usum
763 1817 909 1854 autem
944 1812 1033 1854 fere
1068 1814 1254 1854 eundem
1290 1812 1423 1853 fuisse
1456 1817 1587 1865 atque
1626 1824 1705 1853 an-

282 1881 365 1924 tea,
413 1879 617 1920 nimirum
660 1885 704 1921 ut
746 1882 941 1933 peruersi
975 1882 1201 1923 hominum
1236 1893 1381 1923 mores
1416 1885 1457 1922 et
1490 1880 1608 1922 mala
1642 1881 1705 1922 fa-

283 1946 434 1987 cinora
467 1947 779 1990 denotarentur
811 1951 1216 2002 perstringerentur,
1264 1950 1448 1992 ludibrio
1482 1951 1703 1991 darentur.

372 2014 506 2056 Porro
539 2016 821 2058 inueniuntur
851 2018 1040 2070 primum
1063 2019 1176 2071 apud
1195 2018 1535 2070 Aristophanem
1553 2017 1707 2058 dictio-

284 2093 359 2122 nes
394 2084 611 2135 quaedam
646 2085 895 2137 sollemnes,
942 2086 1097 2139 quibus
1131 2088 1232 2139 quid
1276 2099 1375 2127 cum
1409 2085 1566 2126 fabulis
1601 2098 1706 2126 con-

285 2151 431 2191 ueniat
462 2151 533 2192 hic
567 2156 632 2193 est
665 2153 913 2204 uidendum.
979 2154 1103 2206 Apud
1136 2154 1252 2196 hunc
1286 2154 1401 2196 enim
1434 2166 1554 2206 uesp.
1590 2153 1701 2195 1241

283 2214 354 2255 οὐκ
386 2216 500 2256 ἔστιν
531 2217 801 2267 ἀλωπεκίζειν
847 2233 899 2262 ex
946 2223 1186 2264 uetustiore
1232 2227 1277 2264 ut
1318 2222 1491 2263 uidetur
1521 2223 1704 2274 petitum

283 2285 419 2325 scolio
468 2286 620 2338 legitur
662 2289 816 2330 eodem
863 2302 1009 2341 sensu,
1060 2304 1145 2344 quo
1188 2292 1276 2332 iam
1310 2304 1335 2332 a
1368 2290 1528 2332 Solone
1561 2290 1704 2343 uulpis

284 2353 524 2395 adhibitam
560 2367 657 2397 esse
679 2357 915 2409 imaginem
939 2360 1058 2412 p..17
1083 2360 1389 2411 intelleximus,
1425 2359 1705 2412 apertissimo

285 2434 424 2474 neque
458 2422 659 2464 subtilem
695 2424 941 2467 fabularum
975 2428 1175 2468 notitiam
1209 2431 1431 2480 poscente.
1482 2427 1590 2468 Ran.
1627 2440 1704 2468 au-

284 2495 371 2530 tem
415 2490 499 2531 708
542 2495 583 2532 et
630 2491 742 2533 1085
784 2494 1007 2544 πιθήκους,
1039 2495 1353 2547 ὸίμιοπιῦἠκους
1387 2497 1600 2548 quosdam
1633 2495 1704 2537 ille

284 2563 517 2610 nuncupat,
553 2572 646 2613 equ.
682 2560 766 2601 887
791 2573 946 2603 uocem
971 2562 1113 2604 adfert
1136 2561 1405 2615 πιθηκισμός,
1440 2576 1561 2617 Hesp·
1589 2563 1706 2605 1290

284 2627 463 2668 uerbum
499 2627 746 2679 πιθηκίζειν,
790 2642 899 2682 quas
942 2631 1155 2673 dictiones
1188 2632 1347 2683 petitas
1387 2644 1484 2674 esse
1529 2645 1555 2673 a
1588 2632 1704 2673 simii
