1854 3017
921 194 964 227 74

226 287 360 340 φησίν
389 286 592 335 Αἴσωπος
625 289 896 344 si1nilihus¹).
933 290 1073 331 Etiam
1110 292 1152 331 in
1185 291 1316 333 Italia
1350 291 1483 333 fuisse
1515 291 1654 333 Aeso-

227 370 326 408 pum
360 357 415 397 ab
449 358 669 411 Hesychio
705 372 737 399 s.
774 372 814 399 u.
854 357 1130 410 Συβαριτικοί
1163 357 1275 409 λόγοι
1306 360 1559 412 perhibetur
1590 364 1655 401 te-

225 425 491 466 stimonium.
528 426 824 468 Omittendum
859 427 1046 480 denique
1079 427 1209 479 plane
1243 428 1416 469 silentio
1436 432 1541 481 puto
1565 441 1652 469 non

226 507 323 535 esse
357 495 572 536 scholium
607 497 662 537 ad
695 496 915 549 Aristoph.
943 509 1062 549 uesp.
1086 497 1171 537 566
1199 494 1394 535 Αἰσώπου
1414 512 1451 535 τι
1478 499 1651 548 γελοῖον·

224 561 429 609 Αἴσωπος
459 564 694 618 τραγςιώίἀς
725 564 880 615 ἐγένετο
915 562 1142 616 ὑποκριτής
1170 563 1391 616 γέλοιώδης
1421 564 1653 621 [Αἰσχύλου

226 627 269 667 δὲ
301 622 348 680 ἦν
378 625 606 680 ὑποκριτής
636 630 720 686 V.],
756 647 842 675 non
877 647 961 687 quo
996 634 1230 687 quicquam
1264 646 1316 675 ea
1350 634 1499 676 ualere
1522 645 1654 686 posse

226 698 361 739 uerba
402 704 550 751 putem
600 702 655 742 ad
705 702 973 744 dirimendas
1020 704 1072 744 de
1105 703 1278 756 Aesopo
1325 703 1652 745 controuersias

226 780 278 807 :ic
312 767 586 819 dit'liculates,
623 771 700 811 sed
735 772 849 824 quod
875 771 1118 813 scholiasta
1139 772 1190 812 iis
1210 772 1382 813 uidetur
1404 772 1653 813 ostendisse

226 848 251 875 a
284 848 331 877 se
366 837 587 889 impetrari
628 852 717 881 non
750 853 879 892 posse
912 845 969 882 ut.
1006 841 1121 893 quod
1154 845 1245 881 tam
1289 840 1504 893 frequenti
1536 840 1653 892 apud

224 904 566 958 Aristophanem
602 912 643 948 et
676 907 1008 950 obtrectationis
1042 909 1171 961 plena
1211 909 1433 950 mentione
1480 908 1653 950 obsole-

225 975 363 1015 uisset
394 988 569 1027 nomen,
616 988 668 1017 eo
712 977 1001 1018 arbitraretur
1034 978 1272 1030 significari
1304 977 1497 1030 priscum
1530 976 1651 1018 illum

226 1046 261 1082 et
300 1043 625 1095 quodammodo
649 1049 853 1086 sanctum
876 1045 1122 1086 fabularum
1141 1046 1383 1099 principem
1403 1050 1445 1086 et
1466 1049 1649 1097 patrem.

226 1111 273 1151 Et
308 1113 422 1164 quod
455 1112 654 1165 Aesopus
678 1113 936 1154 Atheniensi
960 1114 1147 1155 retertur
1170 1114 1225 1155 ab
1249 1114 1500 1167 Aphthonio
1535 1112 1652 1166 (uide

225 1181 277 1220 de
296 1180 452 1221 Furiae
488 1180 570 1222 fal).
591 1182 691 1222 Aes.
728 1183 791 1223 ecl.
827 1182 1014 1234 prolegg.
1039 1182 1141 1235 VII)
1177 1184 1384 1224 seruiisse
1404 1182 1652 1224 Demarcho

224 1248 292 1289 uel
326 1248 573 1295 Timarcho.
609 1251 677 1290 cui
712 1263 955 1302 cognomen
992 1250 1145 1292 suisset
1177 1249 1396 1303 Χαραξίας
1426 1250 1651 1299 [ιθΙΚουρ-

226 1316 336 1368 σίας,
378 1318 419 1358 id
453 1318 696 1370 profectum
733 1332 829 1361 esse
864 1333 916 1361 ex
951 1321 1122 1361 comico
1157 1320 1301 1373 aliquo
1333 1324 1463 1372 poeta
1510 1318 1652 1370 suspi-

226 1386 314 1426 cari
351 1386 484 1427 licere
528 1388 615 1428 iam
650 1388 907 1429 Welckerus
957 1402 996 1441 p.
1032 1388 1117 1429 253
1151 1389 1375 1430 indicauit.
1411 1412 1466 1416 ——
1500 1388 1551 1428 Et
1583 1398 1650 1428 re—

225 1455 358 1496 diisse
392 1457 447 1496 ad
482 1456 618 1497 uitam
653 1457 874 1509 Aesopum
911 1461 1129 1499 mortuum
1163 1458 1348 1499 traditur
1392 1470 1418 1498 a
1460 1456 1651 1498 scholia-

224 1529 291 1565 sta
338 1525 392 1565 ad
436 1538 504 1565 au.
549 1525 632 1565 471
679 1538 798 1578 uesp.
849 1526 958 1567 1251
1004 1540 1026 1567 a
1062 1527 1197 1569 Suida
1231 1541 1263 1567 s.
1299 1540 1339 1568 u.
1378 1522 1575 1571 Αἴσωπος
1608 1529 1651 1566 et

225 1588 475 1644 ἀναβιῶναι,
526 1598 657 1647 atque
707 1596 818 1636 adeo
869 1609 1037 1648 pugnae
1080 1597 1135 1637 ad
1168 1595 1485 1649 Thermopylas
1519 1595 1652 1636 inter-

227 1660 359 1702 fuisse
388 1677 408 1702 a
442 1663 695 1704 Ptolemaeo
720 1665 1059 1717 Hephaestionis
1084 1665 1170 1706 tilio
1189 1664 1264 1719 (6),
1299 1665 1479 1706 Pataeci
1501 1668 1648 1706 autem

224 1742 457 1781 personam
504 1732 695 1773 induisse
737 1746 763 1773 a
805 1733 1042 1775 Plutarcho
1076 1732 1184 1777 (sol.
1221 1733 1269 1787 6)
1303 1738 1519 1774 narratur.
1583 1732 1650 1774 De

224 1797 307 1837 hac
341 1810 387 1838 re
420 1811 532 1851 quae
567 1788 854 1841 disseruerint
891 1801 1131 1843 Grrauertus
1169 1816 1204 1854 p.
1239 1801 1295 1842 38
1329 1815 1392 1854 sq.
1446 1801 1650 1842 Welcke-

222 1879 296 1906 rus
331 1880 367 1918 p.
404 1867 489 1907 249
525 1868 718 1910 Kellerus
752 1883 790 1921 p.
827 1870 925 1917 380,
962 1871 994 1911 si
1032 1871 1290 1924 cuiusquam
1317 1870 1487 1911 intersit
1520 1870 1646 1922 scire,

222 1935 340 1986 ipsos
360 1936 503 1977 adeat.
538 1937 731 1990 Denique
760 1939 801 1979 in
831 1939 1108 1990 prouerbium
1134 1939 1296 1981 abiisse
1314 1950 1470 1980 uocem
1505 1936 1648 1976 Αἰσώ-

223 2017 336 2041 πειον
367 1998 471 2052 αἷμα
506 2006 599 2046 siue
633 2005 840 2045 Αἰσώπου
875 2003 980 2056 αἷμα
1028 2021 1078 2049 ex
1114 2008 1273 2049 Zenob.
1313 2010 1348 2051 1.
1385 2008 1438 2048 47
1475 2012 1516 2048 et
1548 2007 1649 2047 Dio-

223 2084 316 2122 gen.
356 2073 391 2114 1.
427 2073 482 2112 46
517 2074 739 2116 discimus.

313 2209 452 2263 Atque
486 2211 617 2252 etiam
653 2212 799 2254 efficta
833 2218 897 2254 est
932 2219 1025 2255 arte
1059 2214 1218 2266 Aesopi
1253 2214 1408 2265 imago.
1459 2212 1647 2254 Phaedri

224 2277 292 2318 lib.
328 2278 361 2318 11
410 2279 578 2330 epilogo
625 2285 665 2320 et
713 2281 928 2333 Agathiae
978 2283 1295 2335 epigrammate
1343 2282 1462 2323 anth.
1508 2281 1646 2322 Palat.

222 2346 321 2387 XVI
354 2346 439 2387 332
472 2347 527 2388 ab
546 2348 887 2391 Atheniensibus
924 2352 1108 2402 positam
1135 2364 1232 2392 esse
1256 2353 1432 2402 Aesopo
1455 2354 1646 2391 statuam

324 2468 346 2511 ¹)
374 2480 403 2501 e.
430 2480 463 2512 g.
491 2468 587 2503 Plut.
615 2470 716 2504 Arat.
744 2472 799 2511 30,
828 2470 933 2505 Dion.
962 2471 1090 2516 Chrys.
1120 2470 1263 2510 LXXII,
1294 2471 1346 2510 14,
1374 2469 1458 2504 Luc.
1484 2470 1647 2503 Hermot.

222 2526 277 2558 84.
305 2524 433 2559 Risum
462 2526 624 2570 profecto
652 2529 800 2561 mouent
821 2527 951 2561 Dionis
966 2527 1094 2573 Chrys.
1111 2540 1160 2561 or.
1180 2526 1319 2561 XXXII
1331 2540 1365 2574 p.
1381 2528 1461 2569 380,
1476 2529 1521 2563 45
1536 2526 1647 2561 uerba

221 2585 290 2628 ἔχω
317 2583 356 2617 δὲ
386 2588 443 2617 καὶ
472 2585 578 2618 ἄλλον
597 2588 719 2619 εἰπεῖν
738 2587 847 2631 λόγον
876 2587 1077 2631 ἀνθρώπου
1097 2589 1243 2632 Φρυγὸς·
1258 2586 1416 2624 οἰκούσας
1434 2586 1647 2621 Αἰσώπου

221 2639 482 2687 συγγενοῦς
519 2642 628 2687 δεῦρο
657 2643 962 2689 ἐπιδημήσαντος.
991 2642 1167 2686 Magnum
1196 2641 1401 2687 Apollinem
1429 2640 1491 2686 qui
1512 2641 1646 2687 Aesopi

224 2697 316 2732 uidit
342 2699 604 2744 propinquum!
