<?xml version="1.0" encoding="UTF-8"?>
<!DOCTYPE html PUBLIC "-//W3C//DTD XHTML 1.0 Transitional//EN"
    "http://www.w3.org/TR/xhtml1/DTD/xhtml1-transitional.dtd">
<html xmlns="http://www.w3.org/1999/xhtml" xml:lang="en" lang="en">
 <head>
  <title>
</title>
<meta http-equiv="Content-Type" content="text/html;charset=utf-8" />
  <meta name='ocr-system' content='tesseract 3.04.00' />
  <meta name='ocr-capabilities' content='ocr_page ocr_carea ocr_par ocr_line ocrx_word'/>
</head>
<body>
  <div class='ocr_page' id='page_1' title='image "apologigraeciant00neubuoft_0037.png"; bbox 0 0 1863 3043; ppageno 0'>
   <div class='ocr_carea' id='block_1_1' title="bbox 837 181 880 214">
    <p class='ocr_par' dir='ltr' id='par_1_1' title="bbox 837 181 880 214">
     <span class='ocr_line' id='line_1_1' title="bbox 837 181 880 214; baseline 0 0"><span class='ocrx_word' id='word_1_1' title='bbox 837 181 880 214; x_wconf 77' lang='lat'>29</span> 
     </span>
    </p>
   </div>
   <div class='ocr_carea' id='block_1_2' title="bbox 142 274 1569 2583">
    <p class='ocr_par' dir='ltr' id='par_1_2' title="bbox 144 274 1569 1010">
     <span class='ocr_line' id='line_1_2' title="bbox 149 274 1568 327; baseline 0.001 -11"><span class='ocrx_word' id='word_1_2' title='bbox 149 275 218 316; x_wconf 89' lang='lat' dir='ltr'>hic</span> <span class='ocrx_word' id='word_1_3' title='bbox 252 279 464 317; x_wconf 88' lang='lat' dir='ltr'>tractatur</span> <span class='ocrx_word' id='word_1_4' title='bbox 496 275 638 327; x_wconf 90' lang='lat' dir='ltr'>uulpis</span> <span class='ocrx_word' id='word_1_5' title='bbox 673 279 843 317; x_wconf 89' lang='lat' dir='ltr'>natura.</span> <span class='ocrx_word' id='word_1_6' title='bbox 908 275 994 317; x_wconf 79' lang='lat' dir='ltr'>Sed</span> <span class='ocrx_word' id='word_1_7' title='bbox 1034 276 1086 317; x_wconf 93' lang='lat' dir='ltr'>de</span> <span class='ocrx_word' id='word_1_8' title='bbox 1120 274 1267 317; x_wconf 87' lang='lat' dir='ltr'>fabula</span> <span class='ocrx_word' id='word_1_9' title='bbox 1301 277 1371 317; x_wconf 80' lang='lat' dir='ltr'>liic</span> <span class='ocrx_word' id='word_1_10' title='bbox 1404 276 1568 318; x_wconf 89' lang='lat' dir='ltr'>latente</span> 
     </span>
     <span class='ocr_line' id='line_1_3' title="bbox 148 343 1569 397; baseline 0.001 -12"><span class='ocrx_word' id='word_1_11' title='bbox 148 343 236 385; x_wconf 91' lang='lat' dir='ltr'>ulla</span> <span class='ocrx_word' id='word_1_12' title='bbox 268 343 448 396; x_wconf 89' lang='lat' dir='ltr'>cogitari</span> <span class='ocrx_word' id='word_1_13' title='bbox 482 347 601 384; x_wconf 84' lang='lat' dir='ltr'>uetat</span> <span class='ocrx_word' id='word_1_14' title='bbox 633 344 677 383; x_wconf 88' lang='lat' dir='ltr'>in</span> <span class='ocrx_word' id='word_1_15' title='bbox 709 344 860 396; x_wconf 88' lang='lat' dir='ltr'>primis</span> <span class='ocrx_word' id='word_1_16' title='bbox 894 344 1124 385; x_wconf 89' lang='lat' dir='ltr'>consilium</span> <span class='ocrx_word' id='word_1_17' title='bbox 1158 358 1242 397; x_wconf 88' lang='lat' dir='ltr'>quo</span> <span class='ocrx_word' id='word_1_18' title='bbox 1290 344 1431 397; x_wconf 92' lang='lat' dir='ltr'>uulpis</span> <span class='ocrx_word' id='word_1_19' title='bbox 1479 345 1569 386; x_wconf 89' lang='lat' dir='ltr'>leo-</span> 
     </span>
     <span class='ocr_line' id='line_1_4' title="bbox 148 412 1568 466; baseline 0 -12"><span class='ocrx_word' id='word_1_20' title='bbox 148 413 301 466; x_wconf 85' lang='lat' dir='ltr'>nisque</span> <span class='ocrx_word' id='word_1_21' title='bbox 333 416 515 465; x_wconf 81' lang='lat' dir='ltr'>usurpat</span> <span class='ocrx_word' id='word_1_22' title='bbox 546 416 677 464; x_wconf 84' lang='lat' dir='ltr'>poeta</span> <span class='ocrx_word' id='word_1_23' title='bbox 710 412 936 464; x_wconf 80' lang='lat' dir='ltr'>imagines.</span> <span class='ocrx_word' id='word_1_24' title='bbox 984 413 1148 454; x_wconf 88' lang='lat' dir='ltr'>Eadem</span> <span class='ocrx_word' id='word_1_25' title='bbox 1183 413 1234 454; x_wconf 90' lang='lat' dir='ltr'>de</span> <span class='ocrx_word' id='word_1_26' title='bbox 1278 425 1414 454; x_wconf 83' lang='lat' dir='ltr'>causa</span> <span class='ocrx_word' id='word_1_27' title='bbox 1448 414 1568 455; x_wconf 91' lang='lat' dir='ltr'>omni</span> 
     </span>
     <span class='ocr_line' id='line_1_5' title="bbox 149 480 1566 534; baseline 0.001 -12"><span class='ocrx_word' id='word_1_28' title='bbox 149 480 324 523; x_wconf 87' lang='lat' dir='ltr'>fabulae</span> <span class='ocrx_word' id='word_1_29' title='bbox 357 481 607 534; x_wconf 81' lang='lat' dir='ltr'>suspicione</span> <span class='ocrx_word' id='word_1_30' title='bbox 642 486 763 521; x_wconf 89' lang='lat' dir='ltr'>caret</span> <span class='ocrx_word' id='word_1_31' title='bbox 795 486 979 522; x_wconf 78' lang='lat' dir='ltr'>naturae</span> <span class='ocrx_word' id='word_1_32' title='bbox 1018 482 1175 533; x_wconf 80' lang='lat' dir='ltr'>imago,</span> <span class='ocrx_word' id='word_1_33' title='bbox 1223 494 1308 534; x_wconf 88' lang='lat' dir='ltr'>qua</span> <span class='ocrx_word' id='word_1_34' title='bbox 1342 481 1490 523; x_wconf 90' lang='lat' dir='ltr'>lsthm.</span> <span class='ocrx_word' id='word_1_35' title='bbox 1526 481 1566 529; x_wconf 84' lang='lat'>3,</span> 
     </span>
     <span class='ocr_line' id='line_1_6' title="bbox 148 547 1568 603; baseline -0.001 -12"><span class='ocrx_word' id='word_1_36' title='bbox 148 549 203 591; x_wconf 88' lang='lat'>63</span> <span class='ocrx_word' id='word_1_37' title='bbox 236 547 303 603; x_wconf 88' lang='lat'>(4,</span> <span class='ocrx_word' id='word_1_38' title='bbox 338 548 394 589; x_wconf 81' lang='lat'>45</span> <span class='ocrx_word' id='word_1_39' title='bbox 427 548 609 602; x_wconf 76' lang='lat' dir='ltr'>Bergk.)</span> <span class='ocrx_word' id='word_1_40' title='bbox 643 550 971 601; x_wconf 81' lang='lat' dir='ltr'>pancratiastae</span> <span class='ocrx_word' id='word_1_41' title='bbox 1005 549 1265 591; x_wconf 79' lang='lat' dir='ltr'>describitur</span> <span class='ocrx_word' id='word_1_42' title='bbox 1296 550 1448 591; x_wconf 88' lang='lat' dir='ltr'>uirtus.</span> <span class='ocrx_word' id='word_1_43' title='bbox 1513 550 1568 591; x_wconf 90' lang='lat' dir='ltr'>At</span> 
     </span>
     <span class='ocr_line' id='line_1_7' title="bbox 147 615 1567 671; baseline 0.001 -12"><span class='ocrx_word' id='word_1_44' title='bbox 147 618 346 671; x_wconf 90' lang='lat' dir='ltr'>proprius</span> <span class='ocrx_word' id='word_1_45' title='bbox 380 617 436 658; x_wconf 89' lang='lat' dir='ltr'>ad</span> <span class='ocrx_word' id='word_1_46' title='bbox 470 615 663 658; x_wconf 87' lang='lat' dir='ltr'>fabulam</span> <span class='ocrx_word' id='word_1_47' title='bbox 698 617 890 670; x_wconf 77' lang='lat' dir='ltr'>aliquam</span> <span class='ocrx_word' id='word_1_48' title='bbox 925 619 1005 660; x_wconf 85' lang='lat' dir='ltr'>etsi</span> <span class='ocrx_word' id='word_1_49' title='bbox 1041 631 1126 659; x_wconf 85' lang='lat' dir='ltr'>non</span> <span class='ocrx_word' id='word_1_50' title='bbox 1160 623 1310 660; x_wconf 87' lang='lat' dir='ltr'>notam</span> <span class='ocrx_word' id='word_1_51' title='bbox 1354 619 1567 661; x_wconf 75' lang='lat' dir='ltr'>accedere</span> 
     </span>
     <span class='ocr_line' id='line_1_8' title="bbox 147 684 1568 740; baseline 0.001 -14"><span class='ocrx_word' id='word_1_52' title='bbox 147 685 252 726; x_wconf 90' lang='lat' dir='ltr'>mihi</span> <span class='ocrx_word' id='word_1_53' title='bbox 285 697 545 738; x_wconf 89' lang='lat' dir='ltr'>persuasum</span> <span class='ocrx_word' id='word_1_54' title='bbox 579 689 644 726; x_wconf 90' lang='lat' dir='ltr'>est</span> <span class='ocrx_word' id='word_1_55' title='bbox 678 684 726 726; x_wconf 90' lang='lat' dir='ltr'>fr.</span> <span class='ocrx_word' id='word_1_56' title='bbox 762 686 844 726; x_wconf 77' lang='lat'>261</span> <span class='ocrx_word' id='word_1_57' title='bbox 881 685 982 731; x_wconf 79' lang='lat'>(237</span> <span class='ocrx_word' id='word_1_58' title='bbox 1018 687 1188 740; x_wconf 83' lang='lat' dir='ltr'>Bergk.)</span> <span class='ocrx_word' id='word_1_59' title='bbox 1224 692 1263 728; x_wconf 87' lang='lat' dir='ltr'>et</span> <span class='ocrx_word' id='word_1_60' title='bbox 1297 692 1473 740; x_wconf 86' lang='lat' dir='ltr'>propter</span> <span class='ocrx_word' id='word_1_61' title='bbox 1494 701 1568 729; x_wconf 92' lang='lat' dir='ltr'>oc-</span> 
     </span>
     <span class='ocr_line' id='line_1_9' title="bbox 147 753 1566 806; baseline 0.001 -12"><span class='ocrx_word' id='word_1_62' title='bbox 147 753 390 805; x_wconf 87' lang='lat' dir='ltr'>casionem,</span> <span class='ocrx_word' id='word_1_63' title='bbox 425 766 510 806; x_wconf 89' lang='lat' dir='ltr'>qua</span> <span class='ocrx_word' id='word_1_64' title='bbox 543 753 780 794; x_wconf 79' lang='lat' dir='ltr'>Pindarum</span> <span class='ocrx_word' id='word_1_65' title='bbox 824 766 875 795; x_wconf 90' lang='lat' dir='ltr'>ea</span> <span class='ocrx_word' id='word_1_66' title='bbox 908 754 1140 806; x_wconf 81' lang='lat' dir='ltr'>protulisse</span> <span class='ocrx_word' id='word_1_67' title='bbox 1186 755 1321 796; x_wconf 86' lang='lat' dir='ltr'>uerba</span> <span class='ocrx_word' id='word_1_68' title='bbox 1354 755 1566 796; x_wconf 84' lang='lat' dir='ltr'>Aristides</span> 
     </span>
     <span class='ocr_line' id='line_1_10' title="bbox 146 820 1566 874; baseline 0.001 -12"><span class='ocrx_word' id='word_1_69' title='bbox 146 821 192 872; x_wconf 88' lang='grc' dir='ltr'>ΙΙ,</span> <span class='ocrx_word' id='word_1_70' title='bbox 227 820 313 862; x_wconf 85' lang='grc'>378</span> <span class='ocrx_word' id='word_1_71' title='bbox 347 826 511 871; x_wconf 85' lang='lat' dir='ltr'>narrat,</span> <span class='ocrx_word' id='word_1_72' title='bbox 547 825 588 862; x_wconf 90' lang='lat' dir='ltr'>et</span> <span class='ocrx_word' id='word_1_73' title='bbox 621 826 796 874; x_wconf 88' lang='lat' dir='ltr'>propter</span> <span class='ocrx_word' id='word_1_74' title='bbox 829 822 1021 874; x_wconf 88' lang='lat' dir='ltr'>ipsorum</span> <span class='ocrx_word' id='word_1_75' title='bbox 1055 822 1288 864; x_wconf 85' lang='lat' dir='ltr'>uerborum</span> <span class='ocrx_word' id='word_1_76' title='bbox 1323 823 1566 864; x_wconf 84' lang='lat' dir='ltr'>obscurita-</span> 
     </span>
     <span class='ocr_line' id='line_1_11' title="bbox 144 889 1566 943; baseline 0.001 -12"><span class='ocrx_word' id='word_1_77' title='bbox 144 894 246 935; x_wconf 76' lang='lat' dir='ltr'>tem.</span> <span class='ocrx_word' id='word_1_78' title='bbox 282 901 394 943; x_wconf 90' lang='lat' dir='ltr'>quae</span> <span class='ocrx_word' id='word_1_79' title='bbox 427 901 556 930; x_wconf 90' lang='lat' dir='ltr'>nemo</span> <span class='ocrx_word' id='word_1_80' title='bbox 589 889 718 942; x_wconf 85' lang='lat' dir='ltr'>plane</span> <span class='ocrx_word' id='word_1_81' title='bbox 741 890 990 942; x_wconf 74' lang='lat' dir='ltr'>perspiciat,</span> <span class='ocrx_word' id='word_1_82' title='bbox 1026 891 1110 932; x_wconf 91' lang='lat' dir='ltr'>nisi</span> <span class='ocrx_word' id='word_1_83' title='bbox 1132 891 1200 932; x_wconf 91' lang='lat' dir='ltr'>cui</span> <span class='ocrx_word' id='word_1_84' title='bbox 1226 890 1398 932; x_wconf 88' lang='lat' dir='ltr'>fabulae</span> <span class='ocrx_word' id='word_1_85' title='bbox 1422 892 1566 932; x_wconf 82' lang='lat' dir='ltr'>cuius-</span> 
     </span>
     <span class='ocr_line' id='line_1_12' title="bbox 145 957 851 1010; baseline -0.003 -10"><span class='ocrx_word' id='word_1_86' title='bbox 145 959 246 1000; x_wconf 89' lang='lat' dir='ltr'>dam</span> <span class='ocrx_word' id='word_1_87' title='bbox 281 958 471 1010; x_wconf 83' lang='lat' dir='ltr'>cognitio</span> <span class='ocrx_word' id='word_1_88' title='bbox 505 957 648 999; x_wconf 89' lang='lat' dir='ltr'>lucem</span> <span class='ocrx_word' id='word_1_89' title='bbox 682 957 851 1000; x_wconf 83' lang='lat' dir='ltr'>afferat.</span> 
     </span>
    </p>

    <p class='ocr_par' dir='ltr' id='par_1_3' title="bbox 144 1025 1567 1561">
     <span class='ocr_line' id='line_1_13' title="bbox 234 1025 1566 1082; baseline 0.002 -16"><span class='ocrx_word' id='word_1_90' title='bbox 234 1025 354 1078; x_wconf 86' lang='lat' dir='ltr'>Quae</span> <span class='ocrx_word' id='word_1_91' title='bbox 388 1039 485 1067; x_wconf 89' lang='lat' dir='ltr'>cum</span> <span class='ocrx_word' id='word_1_92' title='bbox 520 1026 581 1067; x_wconf 88' lang='lat' dir='ltr'>ita</span> <span class='ocrx_word' id='word_1_93' title='bbox 609 1027 721 1082; x_wconf 80' lang='lat' dir='ltr'>sint,</span> <span class='ocrx_word' id='word_1_94' title='bbox 770 1027 923 1068; x_wconf 87' lang='lat' dir='ltr'>eadem</span> <span class='ocrx_word' id='word_1_95' title='bbox 958 1031 1000 1068; x_wconf 88' lang='lat' dir='ltr'>et</span> <span class='ocrx_word' id='word_1_96' title='bbox 1033 1028 1147 1080; x_wconf 89' lang='lat' dir='ltr'>apud</span> <span class='ocrx_word' id='word_1_97' title='bbox 1180 1028 1380 1069; x_wconf 90' lang='lat' dir='ltr'>homines</span> <span class='ocrx_word' id='word_1_98' title='bbox 1415 1033 1566 1069; x_wconf 87' lang='lat' dir='ltr'>aucto-</span> 
     </span>
     <span class='ocr_line' id='line_1_14' title="bbox 146 1094 1566 1147; baseline 0.001 -11"><span class='ocrx_word' id='word_1_99' title='bbox 146 1096 270 1136; x_wconf 89' lang='lat' dir='ltr'>ritate</span> <span class='ocrx_word' id='word_1_100' title='bbox 316 1099 357 1136; x_wconf 90' lang='lat' dir='ltr'>et</span> <span class='ocrx_word' id='word_1_101' title='bbox 399 1095 615 1146; x_wconf 86' lang='lat' dir='ltr'>grauitate</span> <span class='ocrx_word' id='word_1_102' title='bbox 658 1099 700 1136; x_wconf 88' lang='lat' dir='ltr'>et</span> <span class='ocrx_word' id='word_1_103' title='bbox 731 1095 773 1135; x_wconf 91' lang='lat' dir='ltr'>in</span> <span class='ocrx_word' id='word_1_104' title='bbox 809 1109 890 1136; x_wconf 89' lang='lat' dir='ltr'>usu</span> <span class='ocrx_word' id='word_1_105' title='bbox 923 1095 1225 1147; x_wconf 85' lang='lat' dir='ltr'>singularitate</span> <span class='ocrx_word' id='word_1_106' title='bbox 1259 1094 1432 1137; x_wconf 85' lang='lat' dir='ltr'>fabulas</span> <span class='ocrx_word' id='word_1_107' title='bbox 1466 1096 1566 1137; x_wconf 89' lang='lat' dir='ltr'>Pin-</span> 
     </span>
     <span class='ocr_line' id='line_1_15' title="bbox 145 1162 1565 1217; baseline 0.001 -13"><span class='ocrx_word' id='word_1_108' title='bbox 145 1163 239 1204; x_wconf 87' lang='lat' dir='ltr'>dari</span> <span class='ocrx_word' id='word_1_109' title='bbox 270 1162 539 1216; x_wconf 84' lang='lat' dir='ltr'>temporibus</span> <span class='ocrx_word' id='word_1_110' title='bbox 572 1176 676 1204; x_wconf 89' lang='lat' dir='ltr'>usas</span> <span class='ocrx_word' id='word_1_111' title='bbox 711 1176 808 1205; x_wconf 89' lang='lat' dir='ltr'>esse</span> <span class='ocrx_word' id='word_1_112' title='bbox 842 1168 972 1217; x_wconf 84' lang='lat' dir='ltr'>atque</span> <span class='ocrx_word' id='word_1_113' title='bbox 1006 1168 1137 1205; x_wconf 88' lang='lat' dir='ltr'>antea</span> <span class='ocrx_word' id='word_1_114' title='bbox 1171 1168 1212 1205; x_wconf 90' lang='lat' dir='ltr'>et</span> <span class='ocrx_word' id='word_1_115' title='bbox 1244 1176 1320 1217; x_wconf 85' lang='lat' dir='ltr'>per</span> <span class='ocrx_word' id='word_1_116' title='bbox 1354 1166 1565 1206; x_wconf 86' lang='lat' dir='ltr'>maiorem</span> 
     </span>
     <span class='ocr_line' id='line_1_16' title="bbox 144 1230 1567 1285; baseline 0.001 -13"><span class='ocrx_word' id='word_1_117' title='bbox 144 1244 274 1285; x_wconf 88' lang='lat' dir='ltr'>quam</span> <span class='ocrx_word' id='word_1_118' title='bbox 308 1236 439 1272; x_wconf 86' lang='lat' dir='ltr'>antea</span> <span class='ocrx_word' id='word_1_119' title='bbox 470 1230 684 1273; x_wconf 85' lang='lat' dir='ltr'>Graeciae</span> <span class='ocrx_word' id='word_1_120' title='bbox 716 1237 886 1284; x_wconf 83' lang='lat' dir='ltr'>partem</span> <span class='ocrx_word' id='word_1_121' title='bbox 920 1233 989 1274; x_wconf 89' lang='lat' dir='ltr'>uel</span> <span class='ocrx_word' id='word_1_122' title='bbox 1023 1233 1133 1274; x_wconf 91' lang='lat' dir='ltr'>adeo</span> <span class='ocrx_word' id='word_1_123' title='bbox 1166 1244 1242 1284; x_wconf 85' lang='lat' dir='ltr'>per</span> <span class='ocrx_word' id='word_1_124' title='bbox 1274 1237 1411 1273; x_wconf 79' lang='lat' dir='ltr'>totam</span> <span class='ocrx_word' id='word_1_125' title='bbox 1432 1231 1567 1274; x_wconf 84' lang='lat' dir='ltr'>Grae-</span> 
     </span>
     <span class='ocr_line' id='line_1_17' title="bbox 145 1298 1567 1353; baseline 0.001 -13"><span class='ocrx_word' id='word_1_126' title='bbox 145 1299 259 1340; x_wconf 87' lang='lat' dir='ltr'>ciam</span> <span class='ocrx_word' id='word_1_127' title='bbox 293 1298 493 1351; x_wconf 88' lang='lat' dir='ltr'>uulgatas</span> <span class='ocrx_word' id='word_1_128' title='bbox 528 1311 625 1341; x_wconf 88' lang='lat' dir='ltr'>esse</span> <span class='ocrx_word' id='word_1_129' title='bbox 659 1312 712 1341; x_wconf 82' lang='lat' dir='ltr'>ex</span> <span class='ocrx_word' id='word_1_130' title='bbox 745 1301 839 1352; x_wconf 83' lang='lat' dir='ltr'>ipso</span> <span class='ocrx_word' id='word_1_131' title='bbox 872 1305 1002 1353; x_wconf 81' lang='lat' dir='ltr'>poeta</span> <span class='ocrx_word' id='word_1_132' title='bbox 1037 1301 1237 1342; x_wconf 88' lang='lat' dir='ltr'>concludi</span> <span class='ocrx_word' id='word_1_133' title='bbox 1270 1305 1413 1353; x_wconf 84' lang='lat' dir='ltr'>potest</span> <span class='ocrx_word' id='word_1_134' title='bbox 1434 1300 1567 1342; x_wconf 83' lang='lat' dir='ltr'>Grae-</span> 
     </span>
     <span class='ocr_line' id='line_1_18' title="bbox 146 1368 1566 1423; baseline 0.001 -14"><span class='ocrx_word' id='word_1_135' title='bbox 146 1380 297 1409; x_wconf 89' lang='lat' dir='ltr'>corum</span> <span class='ocrx_word' id='word_1_136' title='bbox 329 1368 603 1420; x_wconf 89' lang='lat' dir='ltr'>grauissimo.</span> <span class='ocrx_word' id='word_1_137' title='bbox 640 1369 690 1409; x_wconf 90' lang='lat' dir='ltr'>Et</span> <span class='ocrx_word' id='word_1_138' title='bbox 723 1369 982 1411; x_wconf 87' lang='lat' dir='ltr'>Timocreon</span> <span class='ocrx_word' id='word_1_139' title='bbox 1017 1369 1210 1410; x_wconf 81' lang='lat' dir='ltr'>Rhodius</span> <span class='ocrx_word' id='word_1_140' title='bbox 1243 1374 1373 1422; x_wconf 83' lang='lat' dir='ltr'>poeta</span> <span class='ocrx_word' id='word_1_141' title='bbox 1407 1369 1566 1423; x_wconf 79' lang='lat' dir='ltr'>lyricus</span> 
     </span>
     <span class='ocr_line' id='line_1_19' title="bbox 146 1436 1566 1490; baseline 0.001 -13"><span class='ocrx_word' id='word_1_142' title='bbox 146 1441 381 1478; x_wconf 88' lang='lat' dir='ltr'>accusatus</span> <span class='ocrx_word' id='word_1_143' title='bbox 415 1437 530 1490; x_wconf 91' lang='lat' dir='ltr'>quod</span> <span class='ocrx_word' id='word_1_144' title='bbox 564 1436 741 1479; x_wconf 86' lang='lat' dir='ltr'>fecisset</span> <span class='ocrx_word' id='word_1_145' title='bbox 764 1452 861 1480; x_wconf 91' lang='lat' dir='ltr'>cum</span> <span class='ocrx_word' id='word_1_146' title='bbox 886 1439 1031 1480; x_wconf 85' lang='lat' dir='ltr'>Persis</span> <span class='ocrx_word' id='word_1_147' title='bbox 1070 1439 1112 1479; x_wconf 90' lang='lat' dir='ltr'>in</span> <span class='ocrx_word' id='word_1_148' title='bbox 1135 1438 1473 1479; x_wconf 87' lang='lat' dir='ltr'>Themistoclem</span> <span class='ocrx_word' id='word_1_149' title='bbox 1498 1438 1566 1479; x_wconf 88' lang='lat' dir='ltr'>his</span> 
     </span>
     <span class='ocr_line' id='line_1_20' title="bbox 148 1505 1410 1561; baseline 0.002 -16"><span class='ocrx_word' id='word_1_150' title='bbox 148 1506 344 1546; x_wconf 89' lang='lat' dir='ltr'>inuectus</span> <span class='ocrx_word' id='word_1_151' title='bbox 378 1509 444 1546; x_wconf 89' lang='lat' dir='ltr'>est</span> <span class='ocrx_word' id='word_1_152' title='bbox 476 1505 712 1548; x_wconf 86' lang='lat' dir='ltr'>Plutarcho</span> <span class='ocrx_word' id='word_1_153' title='bbox 746 1512 856 1550; x_wconf 84' lang='lat' dir='ltr'>teste</span> <span class='ocrx_word' id='word_1_154' title='bbox 889 1508 1063 1559; x_wconf 80' lang='lat' dir='ltr'>(Them.</span> <span class='ocrx_word' id='word_1_155' title='bbox 1099 1507 1176 1561; x_wconf 71' lang='lat'>21)</span> <span class='ocrx_word' id='word_1_156' title='bbox 1211 1507 1410 1548; x_wconf 86' lang='lat' dir='ltr'>uersibus</span> 
     </span>
    </p>

    <p class='ocr_par' dir='ltr' id='par_1_4' title="bbox 469 1570 1109 1626">
     <span class='ocr_line' id='line_1_21' title="bbox 469 1570 1109 1626; baseline 0.003 -16"><span class='ocrx_word' id='word_1_157' title='bbox 469 1570 540 1610; x_wconf 76' lang='grc' dir='ltr'>οὐκ</span> <span class='ocrx_word' id='word_1_158' title='bbox 572 1570 653 1625; x_wconf 74' lang='grc' dir='ltr'>ἄρα</span> <span class='ocrx_word' id='word_1_159' title='bbox 689 1575 934 1626; x_wconf 75' lang='grc' dir='ltr'><em>Τιμοκρέων</em></span> <span class='ocrx_word' id='word_1_160' title='bbox 961 1575 1109 1623; x_wconf 71' lang='grc' dir='ltr'><em>μοῦνος</em></span> 
     </span>
    </p>

    <p class='ocr_par' dir='ltr' id='par_1_5' title="bbox 466 1639 963 1693">
     <span class='ocr_line' id='line_1_22' title="bbox 466 1639 963 1693; baseline 0 -14"><span class='ocrx_word' id='word_1_161' title='bbox 466 1639 680 1693; x_wconf 69' lang='grc' dir='ltr'>ῘΙῙήὸοισιν</span> <span class='ocrx_word' id='word_1_162' title='bbox 711 1640 963 1692; x_wconf 58' lang='grc' dir='ltr'><strong><em>ὠρκιαιόμει</em></strong></span> 
     </span>
    </p>

    <p class='ocr_par' dir='ltr' id='par_1_6' title="bbox 467 1702 1152 1761">
     <span class='ocr_line' id='line_1_23' title="bbox 467 1702 1152 1761; baseline 0.004 -16"><span class='ocrx_word' id='word_1_163' title='bbox 467 1706 556 1746; x_wconf 71' lang='grc' dir='ltr'>ἀλλ’</span> <span class='ocrx_word' id='word_1_164' title='bbox 586 1706 673 1746; x_wconf 79' lang='grc' dir='ltr'><em>ἐντί</em></span> <span class='ocrx_word' id='word_1_165' title='bbox 702 1702 852 1747; x_wconf 69' lang='grc' dir='ltr'><em>κᾶλλοι</em></span> <span class='ocrx_word' id='word_1_166' title='bbox 884 1709 933 1761; x_wconf 66' lang='grc' dir='ltr'>δή</span> <span class='ocrx_word' id='word_1_167' title='bbox 965 1708 1152 1761; x_wconf 65' lang='grc' dir='ltr'>πονηροί·</span> 
     </span>
    </p>

    <p class='ocr_par' dir='ltr' id='par_1_7' title="bbox 467 1773 1018 1828">
     <span class='ocr_line' id='line_1_24' title="bbox 467 1773 1018 1828; baseline 0.004 -15"><span class='ocrx_word' id='word_1_168' title='bbox 467 1774 538 1816; x_wconf 71' lang='grc' dir='ltr'>οὐκ</span> <span class='ocrx_word' id='word_1_169' title='bbox 570 1776 650 1826; x_wconf 77' lang='grc' dir='ltr'>ἐγώ</span> <span class='ocrx_word' id='word_1_170' title='bbox 679 1773 788 1824; x_wconf 82' lang='grc' dir='ltr'>μόνα</span> <span class='ocrx_word' id='word_1_171' title='bbox 813 1774 1018 1828; x_wconf 73' lang='grc' dir='ltr'><strong><em>κόλουρις·</em></strong></span> 
     </span>
    </p>

    <p class='ocr_par' dir='ltr' id='par_1_8' title="bbox 142 1838 1567 2583">
     <span class='ocr_line' id='line_1_25' title="bbox 465 1838 1066 1892; baseline 0 -8"><span class='ocrx_word' id='word_1_172' title='bbox 465 1842 551 1884; x_wconf 75' lang='grc' dir='ltr'>ἐντί</span> <span class='ocrx_word' id='word_1_173' title='bbox 582 1843 655 1882; x_wconf 76' lang='grc' dir='ltr'>καί</span> <span class='ocrx_word' id='word_1_174' title='bbox 685 1838 809 1882; x_wconf 74' lang='grc' dir='ltr'><em>ἄλλαι</em></span> <span class='ocrx_word' id='word_1_175' title='bbox 843 1842 1066 1892; x_wconf 63' lang='grc' dir='ltr'><em>ἀλώπεκες.</em></span> 
     </span>
     <span class='ocr_line' id='line_1_26' title="bbox 145 1912 1566 1968; baseline 0.001 -13"><span class='ocrx_word' id='word_1_176' title='bbox 145 1914 206 1955; x_wconf 84' lang='lat' dir='ltr'>En</span> <span class='ocrx_word' id='word_1_177' title='bbox 252 1927 382 1968; x_wconf 88' lang='lat' dir='ltr'>quam</span> <span class='ocrx_word' id='word_1_178' title='bbox 432 1917 535 1966; x_wconf 86' lang='lat' dir='ltr'>apta</span> <span class='ocrx_word' id='word_1_179' title='bbox 593 1912 689 1953; x_wconf 86' lang='lat' dir='ltr'>uisa</span> <span class='ocrx_word' id='word_1_180' title='bbox 748 1917 810 1954; x_wconf 83' lang='lat' dir='ltr'>est</span> <span class='ocrx_word' id='word_1_181' title='bbox 854 1913 996 1966; x_wconf 88' lang='lat' dir='ltr'>uulpis</span> <span class='ocrx_word' id='word_1_182' title='bbox 1044 1916 1257 1956; x_wconf 90' lang='lat' dir='ltr'>memoria</span> <span class='ocrx_word' id='word_1_183' title='bbox 1311 1919 1467 1968; x_wconf 85' lang='lat' dir='ltr'>poetae</span> <span class='ocrx_word' id='word_1_184' title='bbox 1514 1916 1566 1956; x_wconf 86' lang='lat' dir='ltr'>ad</span> 
     </span>
     <span class='ocr_line' id='line_1_27' title="bbox 143 1981 1566 2036; baseline 0 -12"><span class='ocrx_word' id='word_1_185' title='bbox 143 1994 191 2024; x_wconf 88' lang='lat' dir='ltr'>se</span> <span class='ocrx_word' id='word_1_186' title='bbox 239 1981 560 2024; x_wconf 86' lang='lat' dir='ltr'>defendendum</span> <span class='ocrx_word' id='word_1_187' title='bbox 604 1981 648 2021; x_wconf 90' lang='lat' dir='ltr'>in</span> <span class='ocrx_word' id='word_1_188' title='bbox 691 1993 827 2022; x_wconf 88' lang='lat' dir='ltr'>causa</span> <span class='ocrx_word' id='word_1_189' title='bbox 868 1981 941 2022; x_wconf 91' lang='lat' dir='ltr'>illa</span> <span class='ocrx_word' id='word_1_190' title='bbox 984 1982 1160 2034; x_wconf 88' lang='lat' dir='ltr'>publica</span> <span class='ocrx_word' id='word_1_191' title='bbox 1209 1983 1566 2036; x_wconf 84' lang='lat' dir='ltr'>carpendumque</span> 
     </span>
     <span class='ocr_line' id='line_1_28' title="bbox 142 2049 1565 2104; baseline 0.001 -13"><span class='ocrx_word' id='word_1_192' title='bbox 142 2050 381 2091; x_wconf 90' lang='lat' dir='ltr'>inimicum.</span> <span class='ocrx_word' id='word_1_193' title='bbox 430 2049 580 2102; x_wconf 85' lang='lat' dir='ltr'>Neque</span> <span class='ocrx_word' id='word_1_194' title='bbox 614 2049 828 2101; x_wconf 85' lang='lat' dir='ltr'>tragicum</span> <span class='ocrx_word' id='word_1_195' title='bbox 861 2049 1129 2104; x_wconf 83' lang='lat' dir='ltr'>Aeschylum</span> <span class='ocrx_word' id='word_1_196' title='bbox 1162 2055 1339 2103; x_wconf 88' lang='lat' dir='ltr'>poetam</span> <span class='ocrx_word' id='word_1_197' title='bbox 1364 2052 1467 2092; x_wconf 90' lang='lat' dir='ltr'>data</span> <span class='ocrx_word' id='word_1_198' title='bbox 1491 2064 1565 2093; x_wconf 87' lang='lat' dir='ltr'>oc-</span> 
     </span>
     <span class='ocr_line' id='line_1_29' title="bbox 144 2115 1565 2172; baseline 0 -13"><span class='ocrx_word' id='word_1_199' title='bbox 144 2118 323 2160; x_wconf 86' lang='lat' dir='ltr'>casione</span> <span class='ocrx_word' id='word_1_200' title='bbox 356 2118 569 2170; x_wconf 88' lang='lat' dir='ltr'>integram</span> <span class='ocrx_word' id='word_1_201' title='bbox 604 2116 767 2157; x_wconf 87' lang='lat' dir='ltr'>referre</span> <span class='ocrx_word' id='word_1_202' title='bbox 809 2115 1003 2158; x_wconf 87' lang='lat' dir='ltr'>fabulam</span> <span class='ocrx_word' id='word_1_203' title='bbox 1036 2118 1223 2159; x_wconf 89' lang='lat' dir='ltr'>ueritum</span> <span class='ocrx_word' id='word_1_204' title='bbox 1257 2130 1355 2159; x_wconf 88' lang='lat' dir='ltr'>esse</span> <span class='ocrx_word' id='word_1_205' title='bbox 1388 2118 1565 2172; x_wconf 81' lang='lat' dir='ltr'>Myrmi—</span> 
     </span>
     <span class='ocr_line' id='line_1_30' title="bbox 143 2185 1565 2239; baseline -0.001 -12"><span class='ocrx_word' id='word_1_206' title='bbox 143 2186 305 2228; x_wconf 90' lang='lat' dir='ltr'>donum</span> <span class='ocrx_word' id='word_1_207' title='bbox 339 2187 431 2228; x_wconf 85' lang='lat' dir='ltr'>eius</span> <span class='ocrx_word' id='word_1_208' title='bbox 467 2185 759 2238; x_wconf 78' lang='lat' dir='ltr'>fragmentum</span> <span class='ocrx_word' id='word_1_209' title='bbox 782 2186 1045 2227; x_wconf 86' lang='lat' dir='ltr'>documento</span> <span class='ocrx_word' id='word_1_210' title='bbox 1065 2191 1143 2237; x_wconf 85' lang='lat' dir='ltr'>est,</span> <span class='ocrx_word' id='word_1_211' title='bbox 1179 2187 1294 2239; x_wconf 88' lang='lat' dir='ltr'>quod</span> <span class='ocrx_word' id='word_1_212' title='bbox 1312 2187 1565 2228; x_wconf 87' lang='lat' dir='ltr'>asseruavit</span> 
     </span>
     <span class='ocr_line' id='line_1_31' title="bbox 143 2253 1566 2307; baseline -0.001 -12"><span class='ocrx_word' id='word_1_213' title='bbox 143 2254 279 2295; x_wconf 88' lang='lat' dir='ltr'>schol.</span> <span class='ocrx_word' id='word_1_214' title='bbox 315 2255 370 2296; x_wconf 89' lang='lat' dir='ltr'>ad</span> <span class='ocrx_word' id='word_1_215' title='bbox 402 2254 621 2307; x_wconf 84' lang='lat' dir='ltr'>Aristoph.</span> <span class='ocrx_word' id='word_1_216' title='bbox 672 2266 740 2294; x_wconf 90' lang='lat' dir='ltr'>au.</span> <span class='ocrx_word' id='word_1_217' title='bbox 775 2253 875 2295; x_wconf 85' lang='lat'>808.</span> <span class='ocrx_word' id='word_1_218' title='bbox 939 2254 985 2295; x_wconf 91' lang='lat' dir='ltr'>In</span> <span class='ocrx_word' id='word_1_219' title='bbox 1019 2254 1250 2307; x_wconf 87' lang='lat' dir='ltr'>Sophoclis</span> <span class='ocrx_word' id='word_1_220' title='bbox 1291 2258 1366 2296; x_wconf 86' lang='lat' dir='ltr'>aut</span> <span class='ocrx_word' id='word_1_221' title='bbox 1398 2254 1566 2306; x_wconf 86' lang='lat' dir='ltr'>Euripi-</span> 
     </span>
     <span class='ocr_line' id='line_1_32' title="bbox 144 2312 1564 2383; baseline 0 -20"><span class='ocrx_word' id='word_1_222' title='bbox 144 2323 210 2364; x_wconf 91' lang='lat' dir='ltr'>dis</span> <span class='ocrx_word' id='word_1_223' title='bbox 242 2323 478 2383; x_wconf 79' lang='lat' dir='ltr'>tragoediis</span> <span class='ocrx_word' id='word_1_224' title='bbox 511 2312 624 2376; x_wconf 86' lang='lat' dir='ltr'>quae</span> <span class='ocrx_word' id='word_1_225' title='bbox 657 2326 843 2373; x_wconf 86' lang='lat' dir='ltr'>exstant,</span> <span class='ocrx_word' id='word_1_226' title='bbox 888 2322 993 2363; x_wconf 90' lang='lat' dir='ltr'>nihil</span> <span class='ocrx_word' id='word_1_227' title='bbox 1011 2322 1301 2375; x_wconf 78' lang='lat' dir='ltr'>proficiscitur</span> <span class='ocrx_word' id='word_1_228' title='bbox 1334 2336 1359 2364; x_wconf 87' lang='lat' dir='ltr'>a</span> <span class='ocrx_word' id='word_1_229' title='bbox 1393 2322 1564 2364; x_wconf 86' lang='lat' dir='ltr'>fabulis.</span> 
     </span>
     <span class='ocr_line' id='line_1_33' title="bbox 142 2390 1566 2444; baseline 0.001 -13"><span class='ocrx_word' id='word_1_230' title='bbox 142 2390 255 2431; x_wconf 90' lang='lat' dir='ltr'>Nam</span> <span class='ocrx_word' id='word_1_231' title='bbox 288 2394 334 2432; x_wconf 89' lang='lat' dir='ltr'>ut</span> <span class='ocrx_word' id='word_1_232' title='bbox 366 2391 591 2432; x_wconf 88' lang='lat' dir='ltr'>mittamus</span> <span class='ocrx_word' id='word_1_233' title='bbox 625 2403 714 2441; x_wconf 78' lang='lat' dir='ltr'>eos,</span> <span class='ocrx_word' id='word_1_234' title='bbox 750 2391 822 2444; x_wconf 90' lang='lat' dir='ltr'>qui</span> <span class='ocrx_word' id='word_1_235' title='bbox 856 2390 998 2443; x_wconf 88' lang='lat' dir='ltr'>Eurip.</span> <span class='ocrx_word' id='word_1_236' title='bbox 1023 2391 1114 2432; x_wconf 90' lang='lat' dir='ltr'>Alc.</span> <span class='ocrx_word' id='word_1_237' title='bbox 1141 2391 1228 2432; x_wconf 86' lang='lat'>680</span> <span class='ocrx_word' id='word_1_238' title='bbox 1262 2390 1454 2432; x_wconf 87' lang='lat' dir='ltr'>fabulam</span> <span class='ocrx_word' id='word_1_239' title='bbox 1488 2403 1566 2432; x_wconf 90' lang='lat' dir='ltr'>uo-</span> 
     </span>
     <span class='ocr_line' id='line_1_34' title="bbox 144 2458 1564 2512; baseline 0.001 -14"><span class='ocrx_word' id='word_1_240' title='bbox 144 2458 236 2499; x_wconf 88' lang='lat' dir='ltr'>lunt</span> <span class='ocrx_word' id='word_1_241' title='bbox 267 2459 462 2510; x_wconf 87' lang='lat' dir='ltr'>agnosci,</span> <span class='ocrx_word' id='word_1_242' title='bbox 508 2459 689 2499; x_wconf 90' lang='lat' dir='ltr'>nimium</span> <span class='ocrx_word' id='word_1_243' title='bbox 734 2470 919 2510; x_wconf 87' lang='lat' dir='ltr'>sagaces</span> <span class='ocrx_word' id='word_1_244' title='bbox 963 2459 990 2498; x_wconf 91' lang='lat' dir='ltr'>ii</span> <span class='ocrx_word' id='word_1_245' title='bbox 1039 2463 1149 2500; x_wconf 63' lang='lat' dir='ltr'>sunt1</span> <span class='ocrx_word' id='word_1_246' title='bbox 1183 2460 1254 2512; x_wconf 92' lang='lat' dir='ltr'>qui</span> <span class='ocrx_word' id='word_1_247' title='bbox 1300 2459 1564 2512; x_wconf 85' lang='lat' dir='ltr'>Sophoclem</span> 
     </span>
     <span class='ocr_line' id='line_1_35' title="bbox 144 2525 1567 2583; baseline 0.002 -17"><span class='ocrx_word' id='word_1_248' title='bbox 144 2525 284 2578; x_wconf 88' lang='lat' dir='ltr'>Antig.</span> <span class='ocrx_word' id='word_1_249' title='bbox 320 2526 404 2567; x_wconf 83' lang='lat'>712</span> <span class='ocrx_word' id='word_1_250' title='bbox 423 2539 514 2580; x_wconf 89' lang='lat' dir='ltr'>sqq.</span> <span class='ocrx_word' id='word_1_251' title='bbox 539 2527 755 2568; x_wconf 89' lang='lat' dir='ltr'>imitatum</span> <span class='ocrx_word' id='word_1_252' title='bbox 774 2538 871 2568; x_wconf 91' lang='lat' dir='ltr'>esse</span> <span class='ocrx_word' id='word_1_253' title='bbox 895 2525 1086 2568; x_wconf 87' lang='lat' dir='ltr'>fabulam</span> <span class='ocrx_word' id='word_1_254' title='bbox 1113 2528 1343 2580; x_wconf 85' lang='lat' dir='ltr'>opinentur</span> <span class='ocrx_word' id='word_1_255' title='bbox 1354 2526 1398 2583; x_wconf 71' lang='grc' dir='ltr'>ι).</span> <span class='ocrx_word' id='word_1_256' title='bbox 1434 2528 1567 2579; x_wconf 87' lang='lat' dir='ltr'>Quin-</span> 
     </span>
    </p>
   </div>
   <div class='ocr_carea' id='block_1_3' title="bbox 146 2615 1566 2718">
    <p class='ocr_par' dir='ltr' id='par_1_9' title="bbox 146 2615 1566 2718">
     <span class='ocr_line' id='line_1_36' title="bbox 244 2615 1566 2662; baseline 0.002 -12"><span class='ocrx_word' id='word_1_257' title='bbox 244 2616 268 2662; x_wconf 92' lang='lat'>¹)</span> <span class='ocrx_word' id='word_1_258' title='bbox 294 2616 396 2651; x_wconf 85' lang='lat' dir='ltr'>uelut</span> <span class='ocrx_word' id='word_1_259' title='bbox 422 2616 604 2661; x_wconf 80' lang='lat' dir='ltr'>Bergkius</span> <span class='ocrx_word' id='word_1_260' title='bbox 642 2615 726 2651; x_wconf 86' lang='lat' dir='ltr'>hist.</span> <span class='ocrx_word' id='word_1_261' title='bbox 753 2616 823 2651; x_wconf 78' lang='lat' dir='ltr'>litt.</span> <span class='ocrx_word' id='word_1_262' title='bbox 853 2617 865 2651; x_wconf 88' lang='lat'><em>1</em></span> <span class='ocrx_word' id='word_1_263' title='bbox 903 2629 936 2662; x_wconf 89' lang='lat' dir='ltr'>p.</span> <span class='ocrx_word' id='word_1_264' title='bbox 965 2618 1032 2652; x_wconf 75' lang='lat'>370</span> <span class='ocrx_word' id='word_1_265' title='bbox 1060 2617 1249 2653; x_wconf 83' lang='lat' dir='ltr'>Nauckius</span> <span class='ocrx_word' id='word_1_266' title='bbox 1275 2619 1319 2653; x_wconf 85' lang='lat' dir='ltr'>ad</span> <span class='ocrx_word' id='word_1_267' title='bbox 1346 2618 1380 2652; x_wconf 93' lang='lat' dir='ltr'>h.</span> <span class='ocrx_word' id='word_1_268' title='bbox 1410 2617 1433 2652; x_wconf 94' lang='grc'>1.</span> <span class='ocrx_word' id='word_1_269' title='bbox 1461 2617 1566 2652; x_wconf 85' lang='lat' dir='ltr'>Dres-</span> 
     </span>
     <span class='ocr_line' id='line_1_37' title="bbox 146 2671 499 2718; baseline 0.003 -13"><span class='ocrx_word' id='word_1_270' title='bbox 146 2671 260 2707; x_wconf 83' lang='lat' dir='ltr'>selius</span> <span class='ocrx_word' id='word_1_271' title='bbox 285 2672 308 2707; x_wconf 87' lang='lat' dir='ltr'>l.</span> <span class='ocrx_word' id='word_1_272' title='bbox 335 2672 358 2707; x_wconf 91' lang='lat' dir='ltr'>l.</span> <span class='ocrx_word' id='word_1_273' title='bbox 385 2685 418 2718; x_wconf 92' lang='lat' dir='ltr'>p.</span> <span class='ocrx_word' id='word_1_274' title='bbox 443 2674 499 2707; x_wconf 79' lang='lat'>27.</span> 
     </span>
    </p>
   </div>
   <div class='ocr_carea' id='block_1_4' title="bbox 156 2596 430 2602">
    <p class='ocr_par' dir='ltr' id='par_1_10' title="bbox 156 2596 430 2602">
     <span class='ocr_line' id='line_1_38' title="bbox 156 2596 430 2602; baseline 0 0"><span class='ocrx_word' id='word_1_275' title='bbox 156 2596 430 2602; x_wconf 95' lang='lat' dir='ltr'> </span> 
     </span>
    </p>
   </div>
  </div>
 </body>
</html>
