1863 3043
923 122 967 155 75

233 232 258 260 a
291 219 478 272 Lysippo
519 218 680 260 celebri
714 218 880 259 artifice
914 217 1188 259 elaboratam
1231 218 1424 258 docetur.
1483 216 1562 258 Cui
1597 217 1657 256 rei

232 300 309 329 cur
351 288 478 329 fidem
528 287 791 339 abrogemus
841 298 1023 327 causam
1073 285 1239 326 nullam
1282 297 1382 326 esse
1417 284 1658 327 Grauertus

232 369 271 408 p.
305 355 361 407 32
394 356 486 397 iure
516 355 733 408 probauit.
769 354 831 395 Illi
854 358 1001 395 autem
1021 358 1197 395 statuae
1215 353 1451 406 quicquam
1474 352 1658 394 infuisse

232 425 399 466 ridiculi
433 428 509 466 aut
541 423 831 465 deformitatis
866 435 919 464 ex
951 427 1107 464 neutro
1142 421 1269 463 debet
1303 422 1506 464 concludi
1538 422 1660 462 testi-

233 493 392 534 monio.
428 493 490 533 Ac
524 491 720 545 profecto
751 491 924 545 Lysippi
959 495 1105 532 aetate
1138 491 1175 531 si
1211 491 1295 531 iam
1330 495 1559 542 tantopere
1592 502 1661 531 re—

233 560 424 602 frixisset
457 560 704 602 fabularum
750 572 899 612 genus.
954 563 998 599 ut
1030 559 1310 611 puerulorum
1362 564 1403 600 et
1443 559 1661 611 paedago-

231 642 382 681 gorum
435 629 628 671 solorum
665 628 813 669 oribus
847 631 1105 669 tererentur.
1159 632 1233 668 aut
1267 627 1572 668 tantummodo
1618 627 1659 667 in

232 697 340 739 iocis
385 697 661 738 haberentur.
728 701 767 736 et
818 696 1033 748 pristinae
1081 696 1196 748 apud
1250 708 1406 747 graues
1454 696 1572 736 uiros
1618 696 1657 735 in

231 777 277 806 re
310 765 485 818 publica
518 769 747 806 uersantes
782 764 1057 806 auctoritatis
1093 777 1297 816 magnam
1326 764 1502 806 fecisset
1522 765 1660 805 iactu-

232 847 349 876 ram:
400 835 550 876 nescio
585 848 639 875 an
686 833 1031 875 minuscularum
1057 832 1228 874 illarum
1273 834 1488 875 inuentori
1525 834 1661 874 histo-

231 903 439 944 riolarum
482 907 673 944 statuam
715 915 922 954 magnam
965 915 990 942 a
1033 905 1156 942 tanto
1201 902 1367 942 artifice
1409 900 1658 942 faciendum

232 971 522 1013 Athenienses
575 985 661 1013 non
716 971 901 1012 fuissent
954 970 1160 1011 curaturi.
1226 970 1367 1011 Etiam
1420 971 1463 1010 in
1515 969 1661 1010 Philo-

233 1041 356 1081 strati
396 1040 658 1092 imaginibus
712 1038 752 1082 (Ἰ
796 1041 836 1090 3,
871 1041 935 1081 ed.
992 1039 1125 1092 Kays.
1170 1039 1202 1079 ΙΙ
1244 1052 1284 1091 p.
1320 1038 1430 1092 2982)
1474 1039 1658 1090 pictura,

232 1109 267 1149 si
311 1121 397 1161 qua
439 1109 540 1157 alia.
590 1108 781 1149 iucunda
823 1112 954 1160 atque
998 1107 1141 1160 lepida
1189 1107 1349 1160 Aesopi
1399 1107 1661 1148 describitur

234 1176 386 1218 leniter
431 1177 613 1218 ridentis
660 1182 701 1217 et
748 1176 841 1217 fixis
877 1177 919 1217 in
954 1181 1114 1217 terram
1149 1176 1288 1218 oculis
1322 1176 1515 1217 sedentis
1550 1176 1661 1216 inter

237 1243 407 1286 fabulas
440 1250 700 1297 personatas
735 1245 893 1286 taeniis
928 1249 970 1285 et
993 1245 1168 1285 coronis
1193 1256 1292 1285 eum
1317 1248 1564 1286 ornaturas.
1599 1244 1660 1285 De

236 1325 321 1364 qua
355 1313 525 1364 egregie
558 1313 817 1354 Welckerus
852 1313 935 1364 egit
970 1312 1157 1353 lacobsii
1192 1312 1393 1353 Philostr.
1431 1313 1557 1364 imag.
1593 1313 1657 1353 ed.

235 1393 274 1432 p.
319 1380 401 1421 221
449 1394 541 1434 sqq.
577 1381 680 1421 illud
713 1392 884 1433 quoque
918 1386 1036 1421 rccte
1070 1392 1255 1421 monens
1289 1380 1405 1420 hunc
1437 1380 1657 1432 Aesopum

235 1453 326 1490 toto
370 1450 494 1490 caelo
539 1450 762 1490 diuersum
806 1461 903 1490 esse
937 1462 962 1490 a
1005 1448 1184 1500 gibbero
1219 1449 1303 1489 isto
1337 1453 1379 1489 et
1411 1449 1659 1501 prodigioso

238 1529 486 1558 marmoreo
520 1517 686 1559 Romae
721 1518 760 1557 in
798 1517 983 1558 Albania
1011 1517 1109 1558 uilla
1134 1521 1377 1559 asseruato.
1413 1517 1496 1559 Sed
1519 1529 1660 1570 neque

237 1586 352 1627 hanc
385 1586 634 1638 imaginem,
670 1587 711 1626 in
746 1598 876 1638 quam
912 1586 1060 1626 omnia
1094 1585 1308 1626 translata
1340 1597 1437 1627 esse
1460 1586 1661 1627 Welcke-

237 1667 309 1695 rus
356 1655 449 1696 iure
493 1659 644 1696 censet
689 1666 802 1707 quae
848 1654 888 1694 in
922 1654 1119 1705 apologis
1154 1654 1259 1706 ipsis
1292 1655 1436 1706 posita
1471 1660 1569 1695 sunt
1604 1679 1660 1682 —

237 1723 441 1764 nimirum
476 1735 528 1764 ea
561 1727 762 1775 spectata
798 1722 968 1763 illorum
1003 1722 1266 1763 condicione
1300 1736 1386 1775 qua
1407 1723 1659 1765 Philostrati

237 1792 302 1832 u‘si
349 1796 451 1833 sunt
497 1791 763 1844 temporibus
797 1814 853 1818 —
886 1802 1026 1844 neque
1075 1791 1249 1843 gibbam
1302 1791 1432 1832 istam
1481 1793 1658 1843 liguram

235 1858 467 1901 Albaniam
503 1860 663 1900 nedum
687 1859 895 1900 Planudis
919 1860 1220 1901 narrationem
1246 1860 1299 1899 de
1323 1860 1480 1911 insigni
1499 1860 1659 1912 Aesopi

237 1926 513 1969 deformitate
561 1927 687 1968 ullius
730 1927 855 1979 pretii
905 1939 1002 1968 esse
1053 1928 1107 1968 ad
1151 1940 1280 1969 ueras
1313 1928 1471 1979 Aesopi
1523 1929 1659 1969 uitam

238 1995 542 2037 condicionem
586 1996 895 2037 auctoritatem
939 1997 1271 2048 cognoscendas
1316 1996 1418 2049 quid
1452 2009 1560 2049 opus
1595 2001 1661 2037 est

238 2063 413 2105 uerbis?
477 2064 571 2115 Quo
617 2076 730 2117 quae
772 2064 936 2106 faciant
969 2078 1085 2106 nunc
1120 2065 1267 2106 onmia
1302 2064 1427 2106 nobis
1462 2065 1661 2106 uidemur

239 2131 466 2184 collegisse
499 2133 743 2185 explicasse
778 2133 832 2172 ad
868 2133 1067 2174 meritam
1104 2145 1340 2174 reuocasse
1376 2134 1514 2173 iidem.

801 2338 1099 2444 ‘W
