1854 3017
899 202 943 233 62

211 298 293 339 lata
339 298 564 349 legendum
615 297 729 348 apud
782 296 1053 337 Heraclidem
1104 297 1263 338 rectius
1314 297 1450 346 σοφοῦ
1498 311 1630 351 quam

208 367 340 417 κοφοῦ
386 378 595 418 perquam
655 364 893 417 probabilis
938 365 1042 406 mihi
1080 366 1249 407 uidetur
1282 377 1380 407 esse
1413 371 1456 407 et
1488 370 1629 408 ortum

208 446 305 475 esse
354 435 438 476 hoc
487 435 687 486 suspicor
734 446 787 475 ex
841 435 1103 487 scriptorum
1155 435 1430 488 quorundam
1483 435 1628 476 studio

206 503 364 555 Aesopi
401 503 535 544 uitam
570 502 840 544 mirabilibus
874 503 1067 556 replendi
1101 504 1230 546 rebus
1248 502 1291 557 ²).
1327 504 1488 545 Xanthi
1522 515 1628 545 uero

208 571 382 617 mentio,
419 583 546 624 quem
569 571 787 612 Xanthem
823 576 953 612 uocat
975 572 1234 623 Herodotus.
1270 586 1347 613 cur
1380 573 1541 614 iniecta
1574 573 1631 614 sit

204 639 442 680 narrationi
478 639 736 690 Heraclidis,
774 653 957 681 causam
992 652 1152 682 censeo
1197 654 1284 682 non
1325 641 1456 682 aliam
1494 640 1628 682 fuisse

202 720 333 760 quam
368 712 409 748 ut
445 708 515 760 qni
550 721 649 748 cum
684 708 940 761 Rhodopide
973 709 1093 750 Sami
1114 708 1267 750 habuit
1288 721 1394 761 rem,
1430 710 1626 751 eiusdem

202 776 333 816 etiam
368 777 657 828 coniungatur
689 789 848 818 nomen
883 790 981 818 cum
1014 777 1202 830 Aesopo.
1237 778 1352 818 Nihil
1387 779 1515 830 igitur
1548 792 1626 820 au-

202 845 416 886 ctoritatis
450 845 729 886 tribuendum
771 846 898 887 huius
941 845 996 887 ab
1030 846 1278 889 Herodoteo
1313 847 1427 888 male
1460 848 1624 889 discre-

200 913 319 964 panti
351 913 605 955 testimonio
639 926 769 956 nemo
803 915 978 966 negabit
992 913 1035 968 ²).
1091 914 1293 957 Ceterum
1328 916 1411 956 hoc
1444 921 1623 969 recepto

171 975 233 1022 'si
268 983 363 1035 quis
397 986 546 1024 tamen
581 983 745 1024 mederi
779 996 826 1025 se
859 996 991 1036 posse
1015 985 1265 1036 sperauerit
1292 985 1620 1027 difficultatibus

199 1052 305 1092 istis.
357 1065 444 1093 non
477 1052 620 1093 dirimi
655 1064 730 1094 eas
765 1053 841 1094 sed
875 1053 1023 1104 augeri
1058 1053 1145 1093 iani
1180 1053 1455 1105 Wagenerus
1489 1067 1528 1107 p.
1564 1054 1616 1094 31

202 1134 263 1172 sq.
298 1125 416 1161 recte
451 1121 631 1161 monuit.

284 1188 408 1230 Nunc
458 1202 562 1231 uero
606 1194 759 1231 contra
810 1203 885 1231 eos
935 1191 1242 1242 ‹tlisputandum
1291 1196 1352 1232 est
1398 1192 1470 1244 qui
1504 1192 1618 1244 quod

195 1270 347 1298 seruus
383 1257 517 1299 fuisse
550 1258 749 1311 Aesopus
784 1259 941 1300 dicitur
976 1272 1061 1300 non
1096 1260 1226 1301 modo
1262 1274 1345 1300 non
1383 1261 1539 1301 mirum
1566 1274 1618 1301 ac

194 1338 326 1376 grane
360 1330 511 1378 putent
545 1328 622 1368 sed
655 1328 892 1369 conuenire
924 1327 1086 1380 Aesopi
1135 1329 1271 1369 nostri
1322 1328 1524 1370 laudibus
1577 1334 1613 1369 et

198 1394 441 1436 fabularum
484 1396 679 1448 ipsarum
728 1402 913 1438 naturae
947 1397 1109 1449 optime
1142 1398 1406 1450 respondere
1440 1398 1619 1450 opinen-

193 1467 271 1503 tur.
304 1463 426 1515 Apud
460 1464 707 1505 Phaedrum
743 1464 896 1516 legitur
929 1465 983 1508 (3
1017 1466 1122 1518 prol.
1158 1479 1196 1506 u.
1232 1465 1287 1506 33
1321 1479 1412 1518 sqq.
1428 1474 1459 1519 Vl:

406 1546 520 1573 nunc
555 1533 802 1574 fabularum
837 1547 913 1574 cur
947 1535 1003 1574 sit
1036 1535 1257 1575 inuentum
1294 1547 1428 1586 genus

408 1601 527 1642 breui
561 1602 742 1643 docebo.
778 1602 973 1644 Servitus
1008 1603 1210 1653 obnoxian

404 1671 502 1723 quia
539 1683 650 1723 quae
684 1671 860 1712 uolebat
892 1684 978 1712 non
1012 1671 1199 1713 audebat
1237 1673 1394 1713 dicere.

402 1739 584 1779 allectus
618 1739 817 1791 proprios
852 1740 893 1780 in
930 1739 1111 1781 fabellas
1147 1740 1382 1782 transtulit.

403 1807 561 1859 ⁴lesopi
595 1807 707 1847 illius
742 1808 899 1849 semita
934 1807 1017 1849 feci
1051 1809 1181 1850 uiam.

191 1873 230 1912 ln
291 1876 473 1915 eandem
533 1877 795 1917 sententiam
853 1877 1031 1927 disserit
1084 1877 1279 1918 Iulianus
1333 1876 1401 1918 Vll
1466 1876 1607 1918 2070

188 1942 444 1993 ‹piibnscnm
491 1943 758 1985 ‹ninferenda
804 1950 1029 1996 praeterea
1073 1951 1171 1986 sunt
1214 1945 1350 1987 schol.
1387 1945 1606 1998 Aristopli.

189 2022 304 2062 Hesp.
344 2011 455 2052 1208
490 2018 532 2054 et
564 2013 681 2055 Suid.
718 2027 750 2055 S.
788 2027 825 2054 ll.
864 2011 1066 2060 Αἴσωπος
1099 2011 1143 2068 (ὁ
1185 2013 1266 2052 τῶν
1299 2010 1451 2062 μύθων
1490 2028 1609 2064 ποιη-

188 2075 271 2128 τής,
299 2078 458 2128 Σάμιος
491 2080 635 2127 δοῦλος
668 2116 852 2124 .....
890 2078 1259 2137 ἀναγκαζόμενος).
1324 2083 1409 2125 Sed
1454 2095 1606 2124 omnes

186 2158 293 2197 quas
339 2147 461 2187 attuli
506 2153 699 2190 ueterum
745 2151 985 2191 sententias
1032 2164 1083 2192 eo
1116 2156 1312 2203 tempore
1347 2156 1475 2193 natas
1509 2163 1606 2192 esse

282 2287 305 2327 ¹)
333 2283 522 2318 Editorum
551 2286 772 2320 recentiores
799 2299 910 2331 quare
947 2300 1009 2333 pro
1048 2294 1166 2334 σοφοῦ
1207 2286 1403 2321 maluerint
1442 2286 1603 2332 recipere

184 2344 310 2390 κωφοῦ
341 2345 505 2387 equidem
541 2358 611 2379 non
649 2346 764 2382 uideo.
815 2350 871 2382 An
907 2349 1038 2383 mirum
1074 2348 1219 2383 uidetur
1252 2348 1460 2382 ladmonem
1486 2347 1604 2392 ipsum

184 2416 202 2435 a
236 2405 495 2448 posterioribus
529 2406 681 2441 hicillic
715 2409 939 2453 appellatum
975 2421 1055 2444 esse
1089 2413 1217 2457 σοφός,
1256 2409 1388 2455 quippe
1410 2408 1472 2453 qui
1498 2419 1604 2442 seruo

183 2462 226 2494 oli
254 2462 389 2507 ingenii
417 2464 495 2498 eius
513 2464 688 2500 uirtutem
708 2467 915 2502 libertatem
937 2469 1093 2503 donasse
1113 2469 1162 2504 sit
1181 2469 1329 2504 habitus
1340 2470 1359 2503 ⁶?
1387 2470 1477 2503 Cum
1505 2467 1601 2502 Wel-

182 2518 290 2552 ‹zkero
329 2520 419 2563 (nid.
456 2520 533 2555 eius
570 2534 601 2567 p.
641 2525 792 2559 2:35110.
823 2526 887 2569 17)
930 2525 1136 2560 ladmonem
1175 2528 1321 2572 propter
1356 2525 1444 2559 illud
1482 2529 1605 2572 σοφοῦ

183 2577 216 2610 in
245 2579 471 2625 philosophis
498 2582 623 2626 ecquis
650 2583 830 2618 habebit?

277 2647 302 2690 ²⁵)
331 2647 535 2683 Heraclidis
561 2650 811 2686 testimonium
839 2653 881 2687 ad
912 2654 1062 2688 uerbum
1096 2654 1267 2700 repetiuit
1304 2655 1415 2689 schol.
1443 2657 1487 2690 ad
1524 2657 1600 2691 Ari-

180 2701 295 2745 stopli.
324 2714 380 2736 au.
408 2706 487 2738 471.
