1854 3017
985 93 1029 124 415

301 189 456 228 sidium
492 192 799 240 consequatur.
834 185 915 226 sibi
948 186 1213 238 persuadere
1246 185 1402 235 studet,
1436 188 1558 226 tanto
1590 197 1722 238 opere

304 256 547 296 fabular-um
583 254 706 295 nobis
741 253 1044 295 condicionem
1077 265 1212 306 usque
1237 252 1292 294 ad
1315 252 1553 294 Alexandri
1575 251 1721 306 Magni

300 330 489 365 aetatem
525 324 764 375 persecutis
799 323 931 363 etiam
966 327 1096 375 atque
1131 322 1264 363 etiam
1300 321 1567 363 monendum
1601 321 1721 363 uide-

296 399 364 434 tur·
407 404 542 445 usque
586 393 640 432 ad
687 391 788 431 illud
821 395 993 442 tempus
1028 403 1082 431 ne
1118 391 1345 431 minimum
1380 389 1555 442 quidem
1587 389 1721 431 uesti-

296 463 410 513 gium
445 461 621 502 obuiam
659 461 820 500 factum
855 459 980 500 nobis
1015 471 1126 509 esse,
1174 473 1259 513 quo
1295 459 1383 500 lieri
1418 471 1608 512 unquam
1641 472 1721 512 pu-

297 536 437 571 temus
472 530 678 581 potuisse.
714 534 759 569 ut
792 540 945 569 sei-uus
979 528 1135 581 aliquis
1159 528 1338 570 saeculo
1363 532 1488 570 sexto
1511 528 1555 569 in
1575 528 1721 570 insula

297 601 429 640 Samo
463 599 515 639 de
552 596 706 639 fabulis
739 597 927 649 permire
962 601 1213 639 mereretur.
1250 597 1391 647 Quid?
1430 596 1545 650 quod
1577 596 1722 638 Kelle-

297 681 368 707 rus
403 666 550 711 seruili
585 667 691 713 eius.
727 666 798 718 qui
833 677 993 707 nomen
1027 667 1104 707 toti
1141 665 1385 706 fabularum
1417 666 1565 718 generi
1581 666 1722 718 impo—

295 736 392 785 suit,
428 735 580 776 ordine
615 747 702 776 non
736 735 865 775 modo
899 747 986 775 non
1021 733 1266 778 offenditur.
1302 734 1380 775 sed
1404 734 1548 775 euicui
1570 734 1720 787 inepta

296 803 494 844 uideatur
526 803 597 843 illa
631 814 701 843 res
735 815 835 843 eum
869 802 926 843 ad
959 802 1199 852 Alcmanis.
1236 802 1502 854 Phlegontis,
1533 802 1719 855 Epicteti

295 871 599 912 condicionem
634 885 671 923 p.
709 869 795 911 378
831 875 1056 922 prouocat.
1092 871 1152 912 De
1171 871 1398 912 Alcmanis
1421 870 1569 912 seruili
1601 874 1720 912 statu

295 941 458 992 optimo
492 940 584 980 iure
617 952 732 980 nunc
757 939 946 980 dubitari
968 939 1039 980 ille
1060 940 1229 980 nesciit.
1264 939 1549 991 phlegontem
1571 944 1718 982 autem

295 1014 334 1048 et
371 1007 615 1059 Epictetum
661 1012 806 1048 aetate
853 1007 988 1049 multo
1022 1009 1265 1060 posteriore
1299 1013 1342 1049 et
1374 1012 1466 1050 toto
1500 1008 1625 1050 caelo
1656 1008 1721 1049 di-

294 1077 411 1128 spari
447 1074 579 1116 fuisse
614 1075 770 1117 uellem
804 1076 874 1117 ille
907 1077 1185 1129 respexisset.
1252 1077 1422 1118 Etenim
1460 1088 1614 1118 seruos
1646 1077 1719 1130 qui

296 1145 468 1196 ingenio
502 1144 699 1186 ualerent
734 1157 759 1185 a
784 1145 939 1197 priscis
966 1144 1148 1187 Graecis
1171 1146 1424 1198 repudiatos
1448 1149 1579 1198 atque
1606 1145 1719 1187 adeo

296 1214 515 1265 ignoratos
550 1225 648 1254 esse
681 1214 839 1254 (locent
873 1213 1094 1254 Beckerus
1130 1212 1260 1255 Char.
1295 1212 1356 1255 111
1392 1227 1431 1266 p.
1456 1213 1512 1254 25
1545 1211 1719 1267 (Goell.)

294 1287 333 1321 et
371 1281 854 1322 Buechsenschuetzius
890 1281 985 1322 libri
1020 1282 1088 1322 cui
1137 1283 1396 1334 inscriptum
1432 1286 1499 1323 est
1552 1281 1720 1333 „besitz

294 1350 379 1389 und
413 1349 580 1390 erwerl]
614 1350 672 1389 im
706 1349 940 1390 altertunin
975 1362 1013 1401 p.
1052 1349 1134 1390 155
1170 1354 1212 1391 et
1248 1349 1344 1391 190.
1390 1349 1613 1403 Loquendi
1645 1349 1720 1391 de-

294 1418 422 1470 nique
469 1430 567 1458 cum
611 1418 800 1458 dominis
835 1417 1057 1458 licentiam
1091 1419 1247 1471 priscis
1280 1418 1550 1471 temporibus
1584 1416 1722 1460 Grae-

293 1498 443 1526 corum
492 1486 632 1527 seruis
682 1487 861 1527 omnino
910 1500 997 1528 non
1047 1486 1182 1529 fuisse
1233 1488 1412 1540 colligas
1467 1486 1520 1529 ex
1573 1487 1717 1539 Eurip.

294 1554 454 1595 Plioen.
489 1568 559 1595 uu.
585 1553 668 1595 391
705 1568 797 1607 sqq.
833 1554 1167 1608 coltAristoph.
1202 1556 1305 1608 plut.
1340 1570 1410 1597 uu.
1447 1556 1468 1596 1
1505 1569 1598 1609 sqq.
1622 1554 1719 1596 Mit-

295 1627 381 1663 tam
416 1623 486 1663 1116
506 1623 663 1664 Kelleri
683 1629 876 1664 ceteram
897 1624 949 1664 de
968 1624 1141 1676 Aesopo
1165 1625 1526 1677 disputationem:
1562 1627 1719 1677 quant-

294 1703 423 1743 opere
459 1691 550 1732 eius
585 1705 757 1733 summa
791 1691 961 1733 laboret
995 1704 1047 1733 ex
1081 1693 1133 1733 iis.
1167 1705 1279 1746 quae
1313 1693 1437 1734 attuli
1470 1696 1574 1745 puto
1608 1692 1717 1733 satis

293 1760 476 1800 elucere.

381 1828 442 1869 Ac
477 1828 674 1880 profecto
711 1828 881 1870 fuerunt
916 1830 1000 1882 qui,
1052 1831 1145 1870 siue
1181 1830 1295 1882 quod
1329 1830 1486 1871 melius
1519 1841 1632 1882 quae
1663 1829 1716 1870 de

293 1897 465 1949 Aesopo
515 1902 688 1938 exstant
737 1898 987 1939 testimonia
1034 1899 1146 1939 inter
1194 1911 1241 1939 se
1283 1898 1540 1940 concinnari
1586 1909 1717 1950 posse

293 1966 544 2006 censebant.
601 1967 693 2007 siue
745 1967 845 2019 quia
901 1968 1145 2008 sententiae
1200 1979 1308 2008 suae
1361 1967 1413 2008 d'e
1470 1966 1716 2008 fabularum

292 2034 454 2085 origine
508 2039 860 2087 praeoccupatae
913 2035 1067 2076 melius
1121 2035 1428 2088 respondebat,
1491 2047 1715 2088 nunquam

292 2102 475 2143 dixerint
509 2104 729 2155 Aesopum
778 2102 910 2144 fuisse
960 2109 1014 2145 ct.
1064 2117 1177 2157 quae
1221 2105 1273 2145 ‹le
1316 2116 1368 2145 eo
1412 2102 1717 2145 circumferre-

292 2175 450 2211 rentur.
487 2183 539 2211 ea
585 2172 742 2222 pai-tim
788 2172 844 2212 ad
887 2172 1373 2223 ipsarum*fabularum
1421 2172 1632 2224 originem
1674 2176 1716 2213 et

292 2239 594 2280 condicionem
638 2252 735 2281 esse
785 2240 1059 2281 conformata
1112 2242 1268 2293 partim
1321 2253 1443 2282 mera
1493 2240 1716 2282 fabulandi

295 2308 614 2360 mentiendique
650 2308 825 2350 libidine
860 2322 957 2351 esse
992 2311 1180 2351 conlicta
1214 2315 1256 2350 et
1301 2310 1527 2351 adornata.
1591 2309 1716 2360 Quod

293 2388 389 2414 cum
429 2375 603 2415 fecerint
657 2377 742 2417 iam
796 2378 894 2419 inde
943 2391 968 2419 a
1017 2379 1182 2419 renatis
1232 2379 1275 2418 in
1320 2377 1558 2419 Germania
1601 2377 1715 2419 litte-

293 2456 436 2483 rarum
473 2442 739 2485 Graecarum
792 2447 947 2487 studiis
997 2447 1206 2488 nonnulli.
1259 2458 1389 2487 nemo
1440 2451 1587 2488 tamen
1621 2445 1716 2487 dili-

292 2512 461 2559 gentius
495 2515 785 2567 sagaciusque
821 2516 861 2555 in
896 2528 946 2556 ea
990 2528 1036 2556 re
1080 2521 1282 2557 uersatus
1326 2520 1392 2556 est
1437 2527 1568 2568 quam
1596 2514 1715 2556 Wel-

294 2579 447 2619 ckerus
483 2581 547 2620 uir
581 2582 960 2632 p1··ae‹›larissi1mis
995 2584 1183 2628 laudatis
1217 2596 1325 2637 quos
1360 2595 1493 2635 supra
1526 2582 1713 2623 diximus
