1863 3043
817 180 859 214 21

560 274 580 316 ὃ
611 291 807 327 καρκινος
837 267 912 314 ὧδ’
940 272 1024 327 ἔφα

555 343 671 398 χαλᾷ
701 341 769 380 τὸν
799 338 897 394 ὅφιν
929 341 1084 391 λαβών·

558 408 683 449 εὐθὺν
707 411 790 462 χρῆ
821 410 892 450 τὸν
919 406 1084 460 ἑταῖρον
1114 406 1240 458 ἔμμεν

561 477 634 518 καί
664 478 723 530 μῆ
757 477 904 516 σκολιά
934 481 1114 529 φρονεῖν.
1146 476 1287 531 (ng.)

220 615 415 658 Tandem
462 615 697 668 aliquando
728 626 806 667 per
838 613 1047 655 siluarum
1081 614 1341 655 densitatem
1375 614 1548 666 longam

129 685 248 726 uiam
292 688 335 726 et
378 682 620 725 flexuosam
670 683 834 724 emensi
881 683 1143 734 emergimus
1186 682 1230 722 in
1271 681 1427 733 lucem,
1475 681 1549 722 ubi

130 751 309 806 paulum
353 756 496 805 potest
535 751 726 793 subsisti.
790 751 902 792 Nam
945 763 1043 791 cum
1088 751 1263 791 ineunte
1296 750 1474 792 saeculo
1508 763 1546 791 a.

129 819 231 862 Chr.
265 833 307 861 n.
341 820 491 873 quinto
524 819 757 871 ingruisset
791 830 842 859 ex
877 817 1053 860 Oriente
1086 819 1129 859 in
1163 817 1394 860 Graeciam
1428 817 1550 858 belli-

129 901 236 930 cosa
268 899 321 930 ex
363 887 566 929 omnibus
599 887 730 929 Asiae
768 892 857 927 tum
894 887 1094 938 cognitae
1128 887 1322 940 partibus
1357 886 1548 928 conflata

127 956 386 1010 populorum
429 956 556 997 turba
603 960 645 997 et
679 954 947 997 Graecorum
987 956 1076 996 uita
1110 960 1151 996 et
1185 955 1326 996 cultus
1359 955 1550 996 orienta-

128 1024 234 1066 lium
278 1024 535 1078 populorum
581 1023 773 1065 moribus
825 1023 1080 1076 artibusque
1121 1035 1196 1076 per
1237 1024 1325 1064 uim
1374 1023 1550 1063 misceri

129 1094 358 1147 inciperet:
406 1094 661 1146 priusquam
709 1093 812 1133 noui
859 1092 987 1132 huius
1028 1092 1238 1144 temporis
1289 1092 1333 1132 in
1385 1090 1548 1131 fluxum

129 1161 411 1216 abripiamur‚
444 1161 642 1215 breuiter.
669 1160 913 1212 colligenda
945 1159 1071 1201 nobis
1105 1164 1204 1200 sunt
1238 1160 1401 1209 animo„
1437 1171 1549 1213 quae

128 1231 320 1283 priorum
363 1234 623 1282 temporum,
675 1242 774 1270 cum
814 1228 1048 1282 tranquillo
1091 1226 1248 1269 Graeci
1289 1228 1548 1280 populorum

128 1301 354 1339 uterentur
392 1297 659 1339 commercio
705 1309 870 1350 suoque
918 1308 1059 1350 paene
1100 1296 1267 1348 integro
1314 1308 1458 1337 mores
1508 1301 1547 1338 et

126 1366 263 1408 uitam
297 1365 378 1407 sibi
403 1369 711 1418 compararent
728 1366 913 1418 ingenio.
946 1365 1189 1406 litterarum
1213 1364 1432 1417 percursis
1457 1377 1549 1406 mo-

127 1434 348 1477 numentis
398 1434 451 1475 de
500 1431 745 1475 fabularum
795 1433 1054 1475 condicione
1096 1437 1136 1474 et
1180 1433 1344 1485 origine
1380 1433 1548 1485 possint

127 1503 273 1544 statui.

218 1579 483 1622 Fabularum
517 1580 644 1632 igitur
675 1579 850 1632 uigebat
885 1578 1002 1620 fama

131 1649 309 1691 Hesiodi
341 1648 610 1701 temporibus
1179 1648 1295 1700 apud
1329 1647 1546 1688 Ascraeos

131 1717 235 1758 circ.
269 1729 309 1759 a.
344 1729 383 1758 a.
419 1716 519 1758 Chr.
551 1730 592 1758 n.
629 1716 714 1757 688
747 1715 871 1761 (cum
905 1716 1050 1758 clarus
1101 1715 1178 1757 fuit
1209 1716 1397 1769 Archil.)
1432 1716 1548 1768 apud

942 1784 1110 1834 Panos

476 1887 484 1903 ‚
550 1887 574 1903 .‚
625 1853 710 1894 664
743 1852 798 1895 (c.
835 1853 885 1896 cl.
923 1852 949 1894 f.
984 1852 1168 1907 Simon.)
1214 1853 1330 1906 apud
1372 1852 1547 1895 Samios

940 1922 1120 1974 eiusque
1155 1921 1347 1973 colonos⁷

267 2022 292 2041 ‚,
342 2023 367 2040 ,,
463 2023 486 2040 ,.
553 2023 577 2040 ‚.
629 1989 717 2031 580
749 1989 806 2031 sc.
841 1990 892 2031 cl.
929 1990 954 2031 f.
990 1989 1292 2043 Stesichorus)
1326 1989 1443 2042 apud
1474 1990 1548 2030 Hi-

941 2069 1180 2099 metenses.

215 2144 398 2185 Jonicae
431 2144 565 2186 solius
598 2145 738 2196 gentis
772 2144 814 2185 in
835 2157 917 2186 usu
938 2156 1014 2186 eas
1039 2143 1172 2185 fuisse
1194 2144 1326 2197 liquet
1346 2143 1388 2198 ¹).
1423 2145 1547 2197 [gno—

129 2215 253 2253 ratae
282 2216 384 2253 sunt
417 2217 493 2253 aut
526 2216 805 2265 contemptae
828 2212 1029 2254 aDorica
1063 2217 1104 2253 et
1136 2212 1329 2254 Aeolica.
1364 2213 1545 2254 Multum

127 2279 272 2321 inesse
301 2280 364 2321 eis
398 2280 625 2332 grauitatis
658 2285 788 2333 atque
821 2281 933 2322 adeo
951 2280 1206 2322 acerbitatis
1230 2286 1271 2322 et
1294 2282 1546 2323 inseruiisse
1602 2292 1606 2296 ·

127 2358 204 2389 eas
248 2347 438 2389 uidimus
486 2353 560 2390 aut
604 2350 945 2405 perstringendis
986 2349 1236 2390 hominibus
1276 2349 1472 2391 molestis
1506 2355 1545 2391 et

127 2416 281 2457 inuisis
313 2421 390 2458 aut
422 2417 777 2459 demonstrandis
809 2417 939 2459 rebus
973 2418 1029 2459 ad
1061 2430 1153 2459 rem
1187 2417 1407 2470 publicam
1450 2430 1546 2470 per-

126 2483 366 2527 tinentibus
410 2485 584 2534 talibus,
635 2488 676 2526 in
723 2485 878 2539 quibus
925 2486 1087 2539 aliquid
1135 2486 1543 2539 reprehenderetum

227 2619 250 2664 ¹)
277 2619 373 2654 Huic
407 2620 499 2654 nihil
531 2620 647 2655 officit
680 2620 732 2655 rei
759 2621 909 2656 Hesiodi
934 2620 1070 2662 fabula,
1106 2632 1215 2666 quam
1242 2621 1287 2655 ab
1313 2620 1468 2656 Jonibus
1492 2621 1546 2655 illi

127 2678 315 2722 acceptam
340 2675 421 2722 ipsa
446 2676 563 2711 forma
589 2676 726 2711 indicat
752 2676 839 2719 (uid.
865 2689 976 2723 supra
1001 2689 1035 2723 p.
1062 2679 1117 2721 8).
