1854 3017
976 138 1021 171 30

289 236 422 275 inimo
473 239 515 275 ut
566 239 749 274 naturae
783 234 1015 285 imaginem
1060 234 1225 285 integra
1260 239 1405 275 mente
1442 235 1710 288 contemple-

289 316 395 349 mur,
441 315 526 343 non
573 301 763 342 fabulam
812 301 1003 353 aliquam
1037 302 1259 354 uulgatam
1295 303 1506 344 memoria
1539 309 1711 356 repeta-

288 384 383 411 mus
417 370 550 411 uerbo
584 370 655 411 illo
689 369 785 421 ὁρᾷς
817 383 855 410 u.
891 370 974 410 712
1009 383 1088 411 nos
1122 371 1290 412 aduerti
1312 370 1553 412 luculenter
1576 384 1710 424 appa-

287 437 407 491 retfi.
474 438 535 478 Ac
567 437 833 478 Babrianam
873 437 1065 479 fabulam
1099 438 1155 479 36
1188 439 1243 480 ab
1268 440 1351 481 hoc
1374 439 1517 492 lepido
1541 439 1710 492 Sopho-

286 506 364 546 clis
400 507 576 547 inuento
612 506 822 557 originem
857 506 1034 548 duxisse
1067 508 1210 559 potius
1236 508 1414 548 credam
1437 520 1568 561 quarn
1592 509 1708 551 hunc

288 575 327 615 in
363 587 413 615 eo
448 574 738 626 excogitando
772 574 1006 627 quicquam
1041 574 1244 616 debuisse
1278 575 1449 617 sabulis.

374 713 439 753 Ad
473 712 813 764 Aristophanem
847 712 1140 763 peruenimus.
1177 712 1338 763 Ingruit
1371 713 1514 755 subito
1548 713 1707 766 Aesopi

285 794 464 831 nomen3
516 793 596 821 nec
636 792 777 832 paene
816 779 927 820 ullus
973 780 1045 833 qui
1081 779 1251 821 fabulas
1286 786 1458 833 spectat
1489 782 1710 823 inuenitur

285 850 406 891 locus
441 850 544 902 quin
578 849 691 889 illius
721 860 897 901 quoque
931 837 1154 889 contineat
1195 850 1475 890 mentionem.
1525 850 1709 891 Verum-

286 923 432 959 tamen
467 931 565 958 cum
602 916 848 958 fabularum
889 917 1083 969 ipsarum
1128 917 1309 968 singulis
1353 917 1570 959 aetatibus
1605 931 1709 959 con-

284 988 501 1027 dicionem
536 991 577 1027 et
611 999 738 1027 usum
771 986 890 1038 prius
925 986 1233 1037 cognoscenda
1264 997 1362 1026 esse
1385 990 1467 1027 stet
1490 988 1708 1029 sententia

284 1069 413 1109 quam
459 1055 586 1095 huius
631 1055 682 1095 de
716 1054 880 1105 origine
914 1059 1061 1095 aetate
1095 1055 1358 1095 auctoritate
1392 1054 1708 1097 obscurissima

284 1125 465 1165 uerbum
502 1123 771 1164 faciendum:
823 1123 988 1163 omissa
1034 1123 1076 1163 in
1120 1123 1339 1175 praesenti
1382 1123 1543 1175 Aesopi
1587 1135 1708 1164 men-

283 1193 412 1234 tione.
462 1191 636 1233 fabulae
680 1192 802 1244 ipsae
836 1204 921 1244 qua
955 1191 1261 1243 Aristophanis
1296 1191 1470 1244 quidem
1503 1193 1709 1245 tempori-

283 1261 362 1302 bus
396 1273 502 1302 usae
537 1261 622 1302 sint
657 1261 928 1306 condicione,
973 1272 995 1301 e
1030 1260 1198 1301 comico
1232 1264 1361 1311 poeta
1395 1264 1522 1301 caute
1555 1272 1707 1302 eruere

282 1342 526 1382 pergamus.

371 1416 512 1469 Atque
547 1429 614 1457 au.
650 1416 732 1457 471
771 1429 862 1468 sqq.
900 1415 952 1455 de
986 1415 1151 1455 cassita
1186 1419 1354 1467 patrem
1379 1419 1598 1456 mortuum
1633 1428 1707 1457 ca-

282 1485 369 1537 pite
403 1498 482 1525 suo
517 1485 734 1525 condente
767 1487 909 1524 exstat
942 1482 1151 1531 narratio,
1187 1483 1256 1523 cui
1290 1483 1394 1523 nihil
1415 1496 1513 1524 curn
1550 1482 1706 1525 fabulis

284 1565 515 1594 commune
550 1558 615 1593 est
648 1553 732 1592 nisi
765 1551 925 1603 Aesopi
960 1551 1084 1591 istius
1128 1562 1288 1591 nomen
1328 1551 1649 1605 relegandaque
1683 1565 1706 1594 e

285 1621 529 1662 fabularum
563 1625 629 1662 est
661 1632 820 1672 genere
853 1621 896 1660 in
931 1619 1213 1671 aetiologicas
1248 1631 1359 1671 quae
1381 1619 1583 1661 dicuntur
1606 1633 1707 1661 nar-

282 1689 564 1731 ratiunculas.
619 1689 698 1730 Au.
734 1701 864 1741 porro
913 1687 995 1728 651
1033 1701 1113 1740 sqq
1176 1687 1463 1737 Pithetaerus‚
1515 1693 1559 1729 ut
1593 1689 1707 1730 male

283 1757 482 1798 homines
518 1770 617 1798 cum
638 1757 794 1798 auibus
828 1756 1087 1797 societatem
1124 1755 1231 1795 inire
1264 1767 1395 1807 posse
1435 1756 1604 1806 doceat,
1642 1756 1706 1797 fa-

282 1825 428 1865 bulam
464 1826 515 1866 de
550 1826 695 1878 aquila
730 1830 768 1866 et
804 1825 933 1877 uulpe
967 1823 1055 1868 (ecl.
1092 1824 1139 1864 H.
1176 1822 1225 1877 5)
1260 1828 1523 1867 commonet,
1559 1837 1703 1877 quam,

283 1906 381 1933 cum
415 1894 525 1934 adeo
559 1894 666 1934 nihil
700 1893 859 1934 ualeat.
894 1897 939 1933 ut
963 1893 1123 1945 Epopis
1147 1904 1291 1944 pauca
1316 1891 1508 1932 oblocuti
1527 1892 1704 1933 domum

282 1963 443 2003 intrare
478 1975 532 2003 ne
565 1963 787 2015 paulipser
821 1963 994 2015 quidem
1030 1961 1101 2002 ille
1135 1960 1302 2002 dubitet
1334 1961 1438 2013 ipse,
1475 1960 1614 2002 solum
1649 1961 1706 2001 ri-

282 2031 410 2071 diculi
447 2044 584 2072 causa
618 2031 797 2073 allatam
833 2043 930 2071 esse
964 2043 989 2071 a
1021 2016 1195 2071 'comico
1231 2029 1490 2070 crediderim
1514 2029 1704 2083 illudque

282 2114 318 2136 τι
352 2113 391 2140 u.
427 2099 511 2140 652
545 2100 710 2141 idcirco
745 2099 955 2149 additum7
990 2103 1037 2139 ut
1071 2098 1171 2138 insit
1206 2097 1447 2138 narrationi
1466 2097 1704 2139 Pithetaeri

281 2167 445 2220 aliquid
479 2168 793 2221 despicientiae
827 2172 868 2208 et
901 2167 1105 2208 leuitatis.
1143 2165 1264 2206 Eludi
1298 2164 1496 2218 profecto
1521 2166 1704 2218 apertis-

281 2236 440 2276 simum
474 2241 540 2277 est
573 2236 628 2276 ib.
663 2236 748 2277 807
784 2250 846 2289 sq.
885 2235 1078 2277 fabulam
1122 2234 1177 2275 ab
1211 2233 1429 2287 Aeschylo
1472 2234 1516 2274 in
1549 2233 1702 2287 Myrm.

281 2309 520 2345 narratam.
584 2304 687 2346 Pac.
737 2304 821 2345 129
868 2318 959 2357 sqq.
996 2304 1228 2356 Trygaeus,
1270 2307 1328 2352 ut⁷
1363 2315 1448 2355 qua
1481 2302 1534 2343 de
1567 2315 1703 2343 causa

281 2373 509 2414 scarabaei
546 2374 708 2415 auxilio
754 2374 809 2415 ad
851 2374 1005 2415 Jouem
1050 2384 1097 2413 se
1138 2376 1447 2424 peruenturum
1493 2376 1702 2424 speraret,

383 2513 406 2556 ¹)
437 2512 586 2551 Iniuria,
623 2515 664 2546 ut
702 2512 864 2546 fabulam
900 2511 958 2546 hic
985 2511 1087 2555 tangi
1125 2511 1326 2551 euincatur,
1366 2523 1447 2546 cuni
1478 2511 1545 2546 hac
1572 2512 1703 2556 tragici

280 2570 451 2615 loquendi
487 2570 628 2604 ratione
665 2573 905 2615 componatur
941 2569 1070 2604 comici
1096 2568 1282 2614 Aristoph.
1316 2581 1373 2603 au.
1401 2572 1466 2605 6:31
1497 2571 1578 2616 ἄρα
1605 2586 1700 2613 νυν,

281 2633 328 2669 οἷς
355 2635 392 2666 ἐν
421 2636 601 2667 Αἰσώπου
627 2634 747 2677 λόγοις
774 2635 869 2665 ἕσιιν
897 2634 1098 2677 λεγόμενον
1125 2634 1194 2664 κτλ.
