1863 3043
839 169 879 199 (jl

236 264 452 315 Quoniam
498 264 583 304 iam
629 263 814 314 septimo
862 263 1040 304 saeculo
1084 262 1254 304 fabulas
1298 263 1418 305 Sami
1470 263 1568 304 Pari

150 333 334 386 aliisque
377 336 424 373 ut
468 332 638 372 uidetur
679 331 720 371 in
755 331 905 372 Ionum
940 331 1094 372 insulis
1129 332 1321 372 maxima
1357 330 1492 372 fuisse
1527 331 1567 371 in

150 400 456 442 aestimatione
489 404 675 447 constat,
710 412 736 440 a
769 399 1032 441 seruunculo
1050 400 1093 440 in
1127 399 1347 451 ergastulo
1383 400 1568 441 fortasse

149 468 319 510 incluso
351 468 452 521 quid
485 468 662 508 tandem
698 468 809 508 estici
843 472 1027 519 poterat.
1063 480 1147 520 quo
1170 467 1347 509 saeculo
1370 472 1468 520 post
1491 480 1568 509 an-

149 538 312 591 tiquam
346 535 593 577 fabularum
626 535 799 576 laudem
835 536 1229 589 auctoritatemque
1269 537 1330 577 ita
1364 537 1445 577 iste
1490 549 1567 577 au—

149 609 286 658 geret,
342 609 386 645 ut
434 600 650 653 λογοποιός
696 616 807 644 unus
856 604 994 644 instar
1040 604 1234 645 omnium
1282 603 1563 645 laudaretur?

146 674 296 727 Neque
329 673 445 714 enim
480 672 682 724 exiguam
717 677 791 713 aut
826 672 1091 713 mediocrem
1128 671 1262 713 fuisse
1295 673 1388 713 eius
1432 671 1567 713 facul-

147 747 281 784 tatem
315 741 417 782 licet
449 740 630 793 opinari.
667 740 791 792 Frugi
827 751 930 781 uero
964 741 998 781 si
1031 740 1193 794 aliquid
1219 741 1462 793 peperisset
1495 740 1565 781 ille

147 823 300 852 seruus
341 822 420 851 seu
454 809 726 849 inueniendis
760 820 836 850 seu
883 808 1136 860 colligendis
1182 820 1259 849 seu
1301 813 1400 860 apte
1443 808 1566 848 adbi-

147 879 297 921 bendis
332 877 503 920 fabulis.
539 889 590 918 eo
626 877 767 918 minus
804 876 992 918 futurum
1029 876 1162 918 fuisse
1196 878 1463 918 censendum
1498 883 1563 918 est

144 952 190 989 ut
221 953 450 1000 tantopere
483 951 525 987 et
558 946 724 987 tamdiu
759 947 800 986 in
835 945 976 986 insula
1000 945 1133 988 Samo
1158 951 1199 987 et
1232 947 1275 986 in
1309 946 1439 987 domo
1462 947 1564 987 Iad-

145 1017 287 1058 monis
321 1016 412 1057 eius
447 1015 600 1056 lateret
633 1015 782 1055 uirtus.
817 1018 860 1054 ut
895 1018 992 1066 post
1024 1019 1111 1054 tres
1139 1015 1312 1055 demum
1337 1014 1562 1055 bominum

144 1090 312 1127 aetates
345 1084 553 1137 Delphico
587 1097 694 1136 opus
728 1088 845 1124 esset
887 1083 1080 1125 oraculo.
1131 1084 1244 1136 quod
1278 1085 1434 1125 minori
1467 1084 1563 1125 Iad-

146 1155 264 1196 moni
297 1153 580 1206 persuaderet
613 1153 724 1192 inter
757 1152 825 1192 aui
862 1152 927 1192 sui
954 1151 1161 1192 familiam
1188 1150 1323 1193 fuisse
1341 1152 1559 1205 Aesopum

144 1221 212 1260 τόν
241 1219 472 1271 λογοποιόν.
519 1221 656 1261 Etiam
691 1221 777 1261 alia
811 1232 922 1273 quae
956 1220 1103 1261 seruili
1136 1220 1296 1273 Aesopi
1330 1222 1461 1262 statui
1496 1233 1562 1262 re-

147 1293 336 1341 pugnent
368 1288 640 1340 Wagenerus
674 1302 713 1341 p.
749 1288 801 1329 31
839 1287 975 1329 affert.

177 1352 200 1359 ”
232 1357 287 1398 At
330 1357 445 1397 enim
492 1369 623 1398 manu
658 1357 839 1398 missum
876 1369 973 1397 esse
1007 1356 1226 1409 Aesopum
1261 1357 1315 1397 ab
1349 1358 1560 1399 ladmone

146 1425 396 1467 Heraclides
429 1425 634 1466 Ponticus
669 1425 782 1477 polit.
819 1426 886 1474 10,
921 1425 947 1465 5
980 1426 1102 1466 testis
1137 1431 1226 1466 est:
1279 1424 1482 1472 Αἴσωπος
1516 1422 1558 1464 δὲ

140 1490 160 1531 ὃ
189 1492 407 1544 λογοποιὸς
430 1491 634 1541 εὐδοκίμει
660 1492 761 1533 τότε.
787 1489 834 1545 ἦν
858 1493 901 1533 δὲ
927 1492 1042 1543 Θρᾶξ
1065 1493 1111 1533 τῦ
1132 1493 1261 1544 γένος,
1287 1491 1558 1546 ἠλευθερώθη

139 1559 182 1599 δὲ
211 1555 291 1599 ὗπὸ
318 1557 510 1609 Ἴδμονος
540 1560 613 1600 τοῦ
637 1562 798 1614 κωφοῦ,
829 1561 987 1613 ἐγένετο
1011 1561 1053 1600 δὲ
1085 1561 1251 1613 πρῶτον
1272 1561 1444 1603 Ξάνθου
1465 1561 1558 1599 δοῦ-

139 1630 219 1674 λος.
284 1628 502 1670 Libertate
553 1630 762 1672 donatum
796 1631 945 1671 omnia
992 1643 1043 1672 ea
1078 1631 1266 1682 gessisse
1300 1643 1398 1672 eum
1432 1637 1556 1683 putes

137 1709 249 1749 quae
292 1698 335 1738 in
378 1710 554 1739 seruum
598 1712 750 1751 parum
791 1700 1068 1741 conveniant.
1132 1700 1256 1740 Hanc
1299 1700 1555 1740 memoriam

137 1767 193 1806 ad
210 1766 490 1808 Aristotelem
525 1767 657 1809 refert
692 1768 805 1810 Rose
823 1769 952 1809 Arist.
989 1768 1192 1820 pseudep.
1217 1782 1255 1820 p.
1276 1768 1375 1809 521.
1412 1769 1552 1820 ipsam

137 1839 284 1875 tamen
330 1835 552 1887 indignam
602 1848 700 1877 esse
748 1849 827 1888 ego
875 1836 1061 1878 arbitror
1101 1837 1192 1878 lide.
1259 1836 1369 1877 Nam
1411 1840 1551 1877 ortum

138 1913 235 1944 esse
267 1902 369 1944 illud
402 1904 701 1946 testimonium
735 1916 786 1945 eo
821 1905 1004 1946 consilio
1037 1905 1248 1957 suspicor,
1285 1908 1341 1953 ut,
1377 1905 1491 1957 quod
1512 1905 1553 1944 in

137 1970 341 2012 Herodoti
374 1973 628 2013 narratione
662 1971 891 2014 offensioni
914 1985 1022 2014 sane
1045 1977 1123 2024 est,
1159 1971 1426 2025 probabilius
1459 1974 1555 2014 red-

137 2037 322 2080 deretur.
356 2039 485 2093 Atqui
520 2045 634 2081 totus
656 2042 815 2093 pendet
837 2053 889 2082 ex
907 2041 1114 2082 Herodoti
1133 2041 1406 2082 auctoritate.
1440 2040 1552 2082 Nam

135 2105 348 2148 Thracem
399 2107 531 2149 fuisse
579 2108 798 2160 Aesopum
849 2121 900 2151 eo
949 2109 1179 2150 collectum
1230 2108 1334 2149 mihi
1383 2108 1553 2149 uidetur

134 2176 249 2226 quod
281 2175 581 2229 Rhodopidem
606 2177 852 2218 Herodotus
875 2177 1141 2219 Thraessam
1169 2176 1301 2218 fuisse
1331 2177 1446 2218 dicit.
1492 2177 1551 2218 De

135 2243 247 2284 illius
289 2245 405 2285 enim
446 2246 590 2297 patria
632 2258 731 2286 cum
778 2246 1022 2287 Herodotus
1065 2246 1158 2297 ipse
1194 2245 1550 2297 diligentissimus

132 2312 330 2364 scriptor.
381 2313 503 2353 cuius
544 2312 725 2353 multum
771 2318 891 2354 certo
935 2314 1138 2355 intererat
1171 2314 1266 2366 quis
1311 2313 1436 2354 fuerit
1481 2314 1551 2355 ille

134 2378 330 2432 Aesopus
363 2382 607 2431 ostendere,
643 2381 749 2422 nihil
768 2382 956 2433 potuerit
988 2382 1196 2433 indicare,
1241 2395 1266 2422 a
1299 2383 1551 2434 posteriori-

133 2446 212 2488 bus
245 2449 347 2501 quid
380 2453 524 2501 potest
556 2450 661 2490 certi
697 2450 977 2501 exspectari?
1041 2449 1091 2490 Et
1124 2451 1240 2503 quod
1285 2451 1400 2503 apud
1433 2450 1548 2491 hunc

130 2512 317 2564 Ἰάδμων
357 2517 472 2569 apud
514 2517 789 2558 Heraclidem
825 2512 984 2567 Ἴδμων
1024 2518 1190 2570 legitur.r
1236 2519 1317 2560 bas
1351 2519 1548 2560 diuersas

132 2583 378 2636 appellandi
412 2585 605 2626 rationes
639 2586 801 2638 optime
835 2585 1068 2627 illustrauit
1102 2591 1144 2627 et
1176 2587 1287 2628 inter
1320 2599 1367 2628 se
1400 2588 1548 2628 conci-

132 2650 253 2693 liauit
288 2651 525 2693 Grauertus
559 2666 596 2704 p.
615 2653 672 2693 60
704 2667 767 2706 sq.
803 2654 1006 2695 Eiusdem
1031 2656 1248 2696 sententia
1268 2655 1424 2697 ibidem
1449 2669 1548 2709 pro-
