1863 3043
795 145 837 176 li'a'

106 241 385 283 existimandi
419 246 530 281 sunt.
596 240 717 290 Quae
751 238 1000 281 Samiorum
1035 234 1207 291 negotia
1239 244 1528 292 tyrannorum

106 323 131 352 a
165 309 320 363 quibus
362 309 625 361 regebantur
659 308 813 360 opibus
847 311 889 348 et
922 307 1075 347 studiis
1111 307 1387 348 iuuabantur.
1439 306 1528 348 Iam

107 391 206 420 cum
253 378 367 431 apud
400 377 629 418 Aelianum
676 377 716 416 h.
753 389 790 418 a.
840 376 906 427 17ἳ
941 375 996 416 28
1043 376 1253 429 seriptum
1300 376 1530 416 uideamus

109 443 333 498 Εὐφορίων
374 444 417 483 δὲ
454 445 497 483 ἐν
532 449 620 490 τοῖς
659 441 929 495 ὑπομνήμασι
960 441 1065 494 λέγει
1094 442 1169 494 τῆν
1196 442 1340 492 Σάμον
1370 440 1413 482 ἐν
1442 446 1531 489 τοῖς

107 512 384 552 malundrum
411 510 580 563 χρόνοις
615 509 775 562 ἐρήμην
803 509 987 561 γενέθαι·
1019 510 1198 562 φανῆναι
1229 509 1308 561 γάρ
1353 509 1395 549 ἐν
1426 505 1532 563 αὐτῇ

112 580 244 628 :Mosa
274 579 438 629 ,ιι-*γε’θει
470 577 546 628 μὲν
574 578 764 629 μέγιστα,
796 574 924 629 ἄγρια
959 577 1016 626 δέ,
1065 578 1219 631 quibus
1267 579 1412 621 uerbis
1455 592 1532 620 cul*

111 647 235 688 tidem
272 658 447 688 omnem
483 645 746 698 abrogemus
781 658 918 687 eausa
951 659 1036 688 non
1077 652 1154 688 est.
1206 648 1380 689 Samios
1421 648 1532 688 anti-

109 715 332 768 quissimis
366 714 636 766 temporibus
672 714 854 754 multum
873 715 914 755 in
934 716 1188 756 animalium
1209 721 1411 758 uersatos
1435 729 1533 758 esse

109 782 479 836 contemplatione
494 780 523 835 ¹¹»
565 787 708 835 atque.
759 782 830 823 ubi
871 783 1056 834 primum
1106 785 1221 836 apud
1255 797 1330 826 eos
1367 784 1534 825 fabula-

110 864 205 892 rum
238 851 459 904 quidpiam
496 851 692 892 innotuit.
739 851 905 892 maiore
940 851 980 891 in
1016 851 1112 892 illas
1146 853 1309 894 arsisse
1342 853 1534 894 admira-

110 920 228 961 tione
262 924 304 961 et
337 920 480 960 studio
516 919 813 972 maturiusque
861 919 957 960 illas
992 922 1034 960 in
1071 921 1340 974 frequentem
1376 935 1428 963 ac
1462 935 1535 963 eo-

110 989 323 1030 tidianum
366 1001 490 1029 usum
538 988 592 1028 ibi
639 988 803 1029 abiisse
849 1001 978 1040 quam
1023 989 1062 1029 in
1106 989 1192 1030 ulla
1228 989 1415 1032 fortasse
1449 991 1535 1032 alia

113 1057 381 1099 Graecorum
417 1057 595 1098 ciuitate
632 1057 784 1097 elucet.
824 1057 868 1097 Et
905 1070 1094 1109 quonam
1130 1059 1304 1111 saepius
1339 1064 1381 1100 et
1414 1060 1533 1111 prius

112 1126 249 1168 Samii
297 1138 349 1167 ex
394 1126 536 1167 insula
578 1139 654 1166 sua
705 1125 891 1167 nauibus
937 1127 1164 1168 transiisse
1214 1129 1394 1179 putandi
1437 1133 1532 1169 sunl

112 1207 243 1247 quam
290 1195 331 1235 in
378 1194 474 1235 loea
523 1193 679 1235 fertilia
712 1193 937 1235 Maeandri
972 1199 1013 1235 et
1057 1196 1127 1247 qui
1178 1197 1275 1237 huie
1310 1198 1536 1249 proximus

114 1266 181 1303 est
214 1261 398 1315 Caystri.
436 1262 548 1303 unde
588 1262 754 1302 aditum
787 1262 983 1314 patuisse
1018 1276 1104 1304 non
1138 1264 1278 1305 solum
1315 1266 1533 1306 mercibus

114 1331 157 1371 in
191 1329 384 1372 Graecas
418 1330 584 1371 insulas
619 1335 659 1371 et
694 1331 891 1382 regiones
925 1332 999 1372 sed
1037 1333 1169 1373 etiam
1208 1334 1363 1375 sabulis
1388 1346 1441 1375 ex
1474 1335 1538 1375 in-

115 1399 274 1441 teriore
318 1399 421 1441 Asia
465 1400 607 1451 priore
650 1399 792 1451 capite
829 1400 1177 1442 demonstratum
1215 1402 1311 1442 ests)
1344 1403 1407 1443 Ae
1441 1416 1540 1455 pro-

117 1468 229 1509 fecto
264 1469 531 1509 commercio
565 1468 759 1509 omnium
780 1469 1084 1521 antiquissimo
1105 1471 1385 1512 (coniunctam
1407 1472 1539 1513 fuisse

115 1536 297 1579 Samum
341 1550 438 1577 eum
485 1537 566 1578 liae
602 1537 814 1577 duntaxat
848 1537 979 1579 Asiae
1013 1552 1089 1579 ora
1125 1540 1373 1581 confirmari
1412 1542 1539 1583 uideo

116 1606 320 1658 opinione
354 1605 596 1646 incolarum
632 1605 870 1658 antiquitus
906 1606 1076 1647 tradita.
1114 1620 1198 1659 qua
1224 1608 1537 1655 Asioauetore

117 1686 202 1727 quo
246 1674 377 1714 utitur
423 1673 552 1715 Paus.
589 1674 668 1714 VII
701 1673 739 1716 4.
776 1676 814 1714 2.
852 1673 1075 1715 Ancaeum
1112 1676 1302 1727 pris-oum
1337 1676 1539 1729 Lelegum

118 1754 262 1795 regem
295 1754 348 1783 ex
381 1741 531 1784 Samia
553 1741 778 1783 Maeandri
804 1743 885 1783 lilia
916 1748 1121 1795 quattuor
1143 1744 1263 1788 lilio&
1300 1745 1411 1786 inter
1434 1759 1542 1798 quos

117 1811 313 1862 Samum,
349 1811 507 1852 dicitur
540 1811 754 1863 genuisse.
791 1812 972 1852 Accedit
1005 1813 1121 1865 quod
1156 1814 1335 1854 nomina
1369 1811 1541 1852 Μαίαν-

121 1878 217 1929 δρος
250 1883 292 1920 et
324 1876 588 1927 ᾹΙαιάνδριος
619 1877 750 1920 etiam
784 1879 1002 1933 Polycrati
1036 1885 1182 1921 aetate
1215 1886 1340 1932 grata
1370 1882 1538 1923 fuerunt

119 1946 280 1988 Samiis
295 1943 339 2001 ²).
374 1946 527 1988 Anaea
561 1952 709 1989 autem
744 1948 927 1990 celebris
963 1954 1055 1989 erat
1089 1948 1336 1991 Samiorum
1372 1951 1543 1992 colonia

121 2014 165 2054 in
197 2014 269 2056 illa
302 2027 392 2065 ora2
430 2027 616 2068 eamque
650 2029 736 2057 non
763 2017 899 2058 multo
920 2022 1019 2069 post
1041 2018 1272 2059 deductam
1297 2032 1428 2071 quam
1451 2020 1542 2071 ipsa

122 2082 164 2123 in
197 2081 332 2124 Samo
365 2083 508 2124 insula
532 2083 656 2125 Iones
692 2085 984 2126 consederant
1018 2086 1116 2126 inde
1140 2087 1413 2128 concluditur
1431 2088 1545 2140 quod

123 2151 276 2192 eodem
309 2155 504 2203 tempore
539 2152 656 2193 illam
691 2154 976 2194 constitutam
1011 2166 1108 2195 esse
1142 2155 1327 2195 traditur
1361 2168 1445 2208 quo
1464 2155 1545 2198 Sa-

126 2220 348 2260 mothrace
381 2221 566 2271 primum
593 2233 618 2260 a
659 2220 819 2262 Samiis
855 2221 1066 2262 adibatur.
1104 2222 1237 2263 Porro
1277 2224 1390 2275 quod
1432 2225 1546 2278 apud

227 2358 250 2401 ¹)
277 2359 459 2394 Animalia
486 2362 595 2394 etiam
623 2362 885 2406 posterioribus
911 2363 1136 2408 temporibus
1173 2376 1241 2398 non
1271 2366 1370 2400 nullo
1397 2379 1546 2402 numero

127 2415 222 2460 apud
256 2414 398 2450 Samios
431 2417 545 2451 fuisse
581 2430 625 2451 ex
663 2418 820 2453 nummis
857 2431 980 2453 eorum
1017 2419 1110 2454 satis
1142 2421 1305 2466 antiquis
1343 2422 1547 2469 intellegas.

127 2471 259 2516 quibus
284 2472 437 2517 pauonis
464 2473 580 2507 leonis
605 2473 701 2507 tauri
729 2474 869 2518 effigies
888 2474 1086 2520 impressas
1105 2476 1219 2510 fuisse
1239 2481 1364 2513 narrat
1383 2479 1549 2514 Panofka

133 2538 211 2568 ‚res
237 2526 460 2562 Samiorum-
491 2541 523 2573 p.
555 2531 606 2564 18.
648 2529 839 2564 Praeterea
867 2532 911 2565 cf.
940 2531 1017 2565 Ael.
1050 2533 1082 2566 h.
1110 2544 1140 2566 a.
1179 2533 1280 2567 XVII
1308 2535 1362 2571 ⁶20.
1405 2535 1548 2570 Heracl.

130 2581 230 2626 polit.
260 2584 312 2621 15.
340 2586 371 2617 5.

229 2637 256 2681 ²)
282 2639 326 2673 cf.
355 2640 519 2675 Panofka
548 2642 568 2675 l.
597 2641 617 2675 l.
645 2654 677 2686 p.
705 2643 760 2677 43.
