1863 3043
840 197 884 226 53⁸

151 295 222 347 qui
256 294 433 347 Delphis
467 294 568 336 olim
606 293 792 334 fortasse
828 291 998 333 fabulas
1029 289 1225 331 narrauit
1248 294 1289 330 et
1315 288 1471 328 iniuria
1494 286 1573 327 ibi-

149 362 248 403 dem
282 361 536 403 interfectus
570 365 650 411 est⁷
684 366 776 402 tum
811 360 993 401 multum
1018 358 1268 400 interfuisse
1290 357 1460 398 illorum
1481 356 1572 397 edi-

152 443 251 472 cere
285 436 445 483 putem.
481 430 529 471 Et
562 435 652 471 tam
686 434 858 482 gratum
881 433 1200 481 acceptumque
1235 426 1367 468 fuisse
1390 424 1571 467 Graecis

151 499 234 540 ho«
267 499 507 546 oraculum,
545 503 587 540 ut
621 499 824 552 quicquid
860 497 1106 539 fabularum
1140 496 1319 539 suberat
1353 494 1571 547 extemplo

151 573 414 620 occupatum
456 572 625 609 teneret
657 567 817 620 Aesopi
860 579 1019 607 nomen
1065 565 1243 606 uixdum
1292 569 1443 605 notum
1475 563 1572 604 Ari-

150 635 376 689 stophonis
395 648 514 687 uesp.
540 634 623 676 651
650 636 904 688 praeclarus
928 639 993 675 est
1013 634 1147 675 testis.
1183 632 1398 684 Quoniam
1423 635 1570 672 autem

151 703 363 754 λογοποιὸν
395 705 420 746 i.
454 717 490 746 e.
537 703 782 745 fabularum
828 705 1099 744 inuentorem
1130 701 1351 753 Aesopum
1394 700 1482 741 iani
1528 699 1571 739 in

150 771 222 813 illo
255 770 497 825 θεοπροπίῳ
531 777 737 814 uocatum
773 784 871 813 esse
905 771 1126 823 aDelphis
1151 769 1353 810 arbitrari
1388 780 1570 809 necesse

150 845 228 891 est,
263 841 356 882 siue
392 841 582 882 fabulam
617 842 669 882 de
703 840 949 882 scarabaeo
983 845 1025 880 et
1056 839 1214 892 aquila,
1253 843 1295 878 ut
1313 837 1570 890 Aristopha—

149 921 227 950 nes
259 921 380 962 uesp.
419 909 530 949 1448
564 909 709 950 tradit.
763 909 856 949 siue
890 908 1000 949 alias
1034 907 1244 957 narrauit,
1295 910 1364 946 sat
1397 909 1570 946 maturo

150 982 357 1030 tempore.
394 990 492 1018 cuin
540 977 712 1018 fabulae
745 977 922 1029 Delphis
958 989 1044 1018 non
1079 977 1138 1016 ita
1171 980 1319 1017 essent
1353 975 1567 1026 cognitae.

148 1050 194 1086 ut
225 1046 425 1098 indignus
460 1047 680 1087 uideretur
714 1046 796 1087 hoc
831 1046 1103 1098 cognomine.
1139 1044 1330 1096 Delphos
1361 1055 1458 1084 eum
1494 1055 1569 1083 ue-

149 1114 268 1155 nisse
311 1120 505 1166 apparet.
572 1114 711 1167 Atque
745 1118 914 1155 tantum
950 1113 1006 1154 ab
1040 1118 1103 1154 est
1138 1117 1183 1153 ut
1216 1111 1336 1152 breui
1374 1116 1568 1163 tempore

149 1187 247 1235 post
280 1183 481 1224 iniuriam
517 1183 780 1235 Delphorum
814 1183 857 1223 in
891 1194 989 1223 eum
1034 1181 1318 1222 commissam
1366 1180 1567 1232 Pythiam

149 1250 373 1292 oraculum
408 1250 509 1291 illud
543 1251 732 1292 edidisse
766 1251 1011 1291 existimem
1045 1254 1120 1290 aut
1153 1261 1383 1301 peruersas
1418 1261 1567 1289 eorum

148 1331 306 1373 sequar
338 1321 704 1371 ratiocinationes7
739 1321 809 1372 qui
845 1332 897 1361 ex
936 1319 1142 1361 Herodoti
1174 1317 1319 1359 uerbis
1351 1314 1569 1365 Ἰάδμονος

153 1385 196 1425 δὲ
223 1387 371 1434 παιδὸς
399 1393 499 1434 παῖς
529 1386 707 1426 diuino
722 1387 750 1442 ¹)
783 1388 941 1441 Aesopi
977 1400 1127 1429 ueram
1163 1391 1353 1428 aetatem
1389 1398 1568 1437 compu—
1634 1382 1639 1390 “

154 1459 249 1497 tare
281 1456 551 1497 studuerunt.
588 1461 631 1497 ut
665 1468 716 1497 ex
753 1458 944 1498 maxime
979 1458 1211 1509 longinqua
1232 1455 1452 1497 obliuione
1475 1455 1567 1496 eius

148 1523 228 1563 uiri
261 1523 345 1564 hoc
379 1524 558 1565 oraculo
590 1529 846 1566 reuocatam
881 1536 977 1566 esse
1018 1525 1273 1566 memoriam
1309 1528 1456 1576 putem
1491 1523 1561 1575 qui

149 1590 337 1643 Delphos
371 1592 471 1633 Olim
510 1592 752 1633 fabularum
787 1594 882 1634 tulit
916 1592 1136 1637 famam²i.

245 1716 269 1760 ¹)
297 1716 345 1750 [is
371 1715 493 1750 uerbis
520 1728 633 1760 paene
660 1717 820 1751 omnium
849 1718 934 1751 milii
973 1718 1140 1751 uidentur
1178 1716 1243 1750 niti
1287 1714 1564 1759 chronologicae

146 1773 188 1806 de
215 1771 348 1817 Aesopi
376 1774 496 1806 aetate
523 1771 695 1806 rationes.
725 1773 937 1808 Heraclides
956 1774 1100 1818 quidem
1122 1773 1223 1807 Pont.
1247 1772 1343 1806 Sami
1363 1783 1443 1806 eum
1472 1783 1565 1805 com-

145 1831 325 1863 moratum
362 1829 583 1875 Pherecydis
617 1829 712 1874 Syrii
750 1831 976 1876 temporibus
1012 1831 1033 1865 i.
1055 1820 1089 1865 e.
1117 1830 1172 1865 Ol.
1210 1834 1253 1865 33)
1280 1831 1370 1870 (544
1397 1841 1428 1862 a.
1456 1828 1565 1871 (jhu).

145 1884 275 1919 Suidas
301 1884 356 1919 Ol.
383 1887 429 1921 40
455 1887 551 1930 (620)
579 1887 638 1932 ['?].
665 1890 847 1921 mortuum
875 1890 997 1921 tamen
1025 1887 1079 1921 Ol.
1107 1890 1152 1922 54
1178 1888 1274 1929 (564)
1302 1885 1402 1920 dicit.
1438 1884 1566 1928 Dioge-

145 1952 210 1976 nes
235 1941 354 1976 Laert.
382 1941 478 1976 Sami
507 1955 589 1977 eum
616 1943 731 1978 fuisse
746 1943 801 1978 Ol.
829 1945 986 1987 52(572)
1014 1943 1137 1978 tradit.
1167 1944 1257 1977 Item
1273 1942 1454 1977 Eusebius
1467 1941 1564 1985 (coll.

145 1997 267 2043 Syna.)
292 2010 374 2032 euin
401 1998 455 2033 Ol.
482 2001 538 2039 54,
570 2003 582 2034 1
614 2003 841 2045 peremptum
869 2012 948 2035 esse
985 2003 1111 2034 auctor
1137 2004 1204 2034 est.
1241 2000 1409 2033 Kellerus
1436 2012 1467 2044 p.
1497 1999 1564 2033 376

144 2053 277 2099 Aesopi
293 2056 449 2088 aetatem
478 2054 650 2089 incidisse
678 2055 714 2090 in
741 2055 894 2101 primam
922 2057 964 2090 de
980 2056 1097 2090 tribus
1123 2056 1261 2090 saeculi
1288 2056 1383 2091 sexti
1399 2055 1564 2102 partibus

143 2109 212 2143 sibi
238 2110 432 2155 persuasit.
459 2110 557 2145 Nihil
586 2111 668 2146 noui
697 2112 902 2147 attulerunt
929 2115 1131 2147 (irauertus
1159 2126 1190 2159 p.
1218 2114 1262 2148 29
1289 2125 1366 2157 sqq.
1394 2112 1563 2147 XVelcke—

143 2178 206 2201 rus
239 2167 260 2201 l.
297 2167 319 2201 l.
356 2180 388 2213 p.
415 2170 483 2203 229
510 2180 566 2202 no.
594 2172 625 2203 ⁴2.
654 2168 799 2203 Clinton
826 2171 911 2203 fast.
939 2169 1031 2203 Hell.
1063 2170 1073 2202 l
1102 2182 1133 2215 p.
1162 2172 1241 2204 2:39.
1293 2169 1425 2204 Suidae
1452 2169 1563 2203 uerba

144 2225 183 2263 ὃς
206 2225 348 2272 μεσοῦν
374 2231 433 2261 ἐπι
456 2224 514 2270 ιῆς
541 2228 578 2274 μ’
609 2228 838 2273 ὀλυμπιάδος
866 2225 1035 2260 nimirum
1064 2227 1237 2261 mendosa
1265 2227 1485 2261 Niebulirius
1512 2226 1563 2261 ita

144 2283 316 2321 restituit.
346 2288 384 2320 ut
409 2286 566 2321 sublatis
593 2289 632 2327 ὃς
659 2287 801 2335 μεσοῦν
829 2286 930 2321 illato
957 2292 1119 2333 ἤκμασεν
1147 2289 1328 2333 Aesopum
1350 2290 1406 2322 40.
1428 2287 1482 2321 Ol.
1502 2288 1563 2321 flo-

143 2342 261 2377 ruisse
287 2345 460 2380 euaderet
486 2346 746 2381 testimonium.
787 2347 900 2381 Cuius
926 2347 1141 2382 restituendi
1169 2360 1314 2394 operam
1344 2359 1412 2382 non
1440 2347 1564 2391 magni

144 2399 303 2440 fecerim,
330 2400 462 2447 quippe
489 2402 550 2446 qui
577 2415 719 2437 summa
746 2403 896 2438 libidine
923 2404 958 2438 in
987 2417 1029 2439 ea
1054 2404 1104 2438 sit
1131 2408 1309 2439 uersatus.
1341 2404 1432 2449 Ipsis
1453 2403 1562 2438 tradi-

143 2454 192 2489 tis
219 2456 339 2491 uerbis
365 2459 518 2492 eundem
546 2459 677 2494 elicere
703 2471 850 2494 sensum
878 2472 982 2495 nemo
1010 2461 1086 2496 iure
1113 2462 1256 2496 audeat.

240 2515 267 2556 ²¹)
294 2514 415 2549 Animi
443 2528 552 2550 causa
579 2517 636 2551 his
663 2518 842 2562 peroratis
868 2519 976 2553 rebus
1003 2531 1108 2564 quam
1139 2519 1262 2564 inepta
1283 2518 1490 2564 explicandi
1509 2531 1562 2553 ra-

142 2570 241 2605 tione
275 2572 476 2607 tentauerit
507 2576 673 2608 ueterum
708 2575 880 2610 traditam
916 2576 959 2610 de
986 2577 1128 2621 Aesopo
1167 2577 1413 2611 narrationem
1449 2589 1482 2622 p.
1519 2577 1562 2611 132

144 2628 346 2663 (ἰηιιεήιιε
372 2628 563 2664 audiaturi
603 2631 653 2671 „si
681 2631 725 2665 ad
753 2631 922 2666 tertium*
966 2632 1085 2677 inquit
1122 2644 1257 2678 ,usque
1283 2646 1400 2678 genus
1425 2632 1563 2668 sterilis

145 2682 277 2718 fuisset
305 2684 525 2729 Delphorum
554 2698 642 2729 ager
668 2686 810 2731 ipsique
838 2687 978 2722 miseri!
1006 2688 1270 2733 quinquaginta
1300 2691 1344 2724 ad
1372 2690 1560 2725 minimum
