1863 3043
588 858 732 931 Pars
778 859 1085 950 posterior.

218 1136 482 1179 Fabularum
537 1138 942 1191 antiquissimarum
991 1138 1193 1179 condicio
1242 1138 1381 1192 qualis
1432 1140 1548 1191 apud

130 1204 323 1247 Graecos
355 1204 483 1247 fuerit
515 1218 686 1259 quaque
719 1206 885 1247 aditum
920 1207 962 1246 in
988 1205 1181 1247 Graecos
1203 1207 1402 1258 regiones
1426 1207 1548 1248 inue-

130 1274 269 1314 nerint
302 1274 375 1315 uia
407 1274 513 1327 ipsis
547 1287 697 1316 eorum
732 1275 1026 1316 monumentis
1061 1275 1204 1328 quoad
1239 1276 1330 1316 eius
1350 1276 1439 1316 lieri
1473 1288 1549 1328 po-

127 1346 239 1383 terat
286 1342 559 1395 perlustratis
608 1343 716 1383 satis
762 1343 933 1384 elucere
979 1355 1120 1395 spero.
1186 1343 1324 1384 Tanto
1367 1343 1545 1384 munitis

126 1410 345 1463 praesidio
398 1423 513 1451 nunc
566 1411 740 1452 demum
792 1411 1144 1452 intromittendus
1199 1410 1323 1452 nobis
1375 1412 1546 1453 uidetur

125 1478 336 1531 Aesopus.
371 1479 529 1521 Uerum
565 1479 788 1520 enimuero
824 1479 1018 1520 maxima
1053 1478 1195 1520 subito
1230 1480 1407 1531 emergit
1425 1481 1547 1521 testi-

127 1547 371 1588 moniorum
415 1547 644 1588 dissensio,
695 1559 806 1600 quae
852 1546 997 1600 aliquo
1041 1547 1171 1588 modo
1215 1552 1257 1587 ut
1315 1548 1543 1589 dirimatur

126 1614 215 1656 fore
247 1627 387 1668 paene
421 1616 743 1668 desperandum
777 1621 854 1657 est.
890 1616 972 1656 nisi
1006 1617 1061 1657 ad
1096 1617 1282 1657 certiora
1314 1615 1400 1667 illa,
1435 1629 1548 1670 quae

123 1695 146 1724 e
178 1684 322 1736 priore
355 1683 506 1725 lucrati
540 1697 690 1724 sumus
725 1684 1031 1736 disputationis
1076 1688 1199 1737 parte
1233 1684 1358 1737 quasi
1392 1686 1446 1726 ad
1479 1690 1546 1726 tu-

123 1756 213 1793 tum
245 1752 512 1804 praesidium
546 1751 780 1804 confugere
813 1752 974 1793 liceret.
1021 1751 1130 1794 Cum
1163 1752 1317 1805 quibus
1341 1753 1545 1806 quicquid

123 1820 348 1861 conciliari
381 1820 468 1862 ullo
503 1821 632 1861 modo
665 1820 836 1873 poterit.
882 1833 1035 1862 uerum
1068 1832 1166 1861 esse
1202 1820 1383 1862 libenter
1414 1823 1543 1874 proti—

122 1887 328 1939 tebimur3
383 1900 494 1941 quae
533 1888 885 1929 aduersabuntur
919 1889 994 1939 eis,
1046 1889 1104 1929 ita
1137 1889 1304 1930 reicere
1343 1895 1542 1932 nostrum

123 1960 225 2007 puto
259 1967 368 2007 esse,
416 1960 461 1997 ut
494 1969 578 2010 quo
612 1956 794 2010 quisque
829 1968 973 1997 errore
1007 1956 1209 1997 inductus
1245 1961 1399 1998 auctor
1433 1957 1544 1999 falsa

121 2024 354 2065 tradidisse
387 2025 442 2066 sit
475 2025 692 2077 putandus
727 2025 816 2064 nixi
850 2028 1108 2077 comparata
1142 2024 1228 2065 iam
1254 2024 1467 2076 prioribus
1491 2025 1544 2066 de

124 2089 280 2133 fabulis
314 2092 560 2144 cognitione
593 2092 737 2146 quoad
771 2093 928 2145 poterit
962 2092 1229 2144 indagemus.

211 2177 296 2220 Sed
329 2179 609 2220 exoneranda
643 2179 760 2231 prius
802 2179 912 2219 haec
958 2179 1194 2230 disputatio
1228 2178 1445 2220 nonnullis
1479 2185 1545 2220 est

123 2246 318 2298 profecto
351 2246 654 2288 delectationis
688 2259 824 2287 causa
858 2247 968 2287 lictis
1003 2247 1055 2287 de
1073 2246 1246 2298 Aesopo
1278 2247 1543 2288 narrationi-

123 2313 216 2365 bus,
265 2327 377 2367 quae
420 2314 500 2356 fide
543 2327 597 2356 ne
640 2315 784 2355 dicam
828 2315 1049 2355 mentione
1089 2314 1244 2366 dignae
1277 2319 1378 2356 sunt
1410 2314 1541 2356 nulla.

122 2382 232 2424 Nam
266 2388 308 2424 et
340 2395 438 2425 eam
471 2395 584 2437 quae
617 2383 743 2434 uulgo
779 2382 913 2424 fertur
947 2382 1153 2423 Planudis
1186 2383 1362 2424 nomine
1405 2384 1542 2424 uitam

122 2450 280 2503 Aesopi
325 2456 367 2492 et
411 2463 510 2493 eam
553 2463 666 2504 quae
709 2451 751 2491 in
785 2451 1111 2492 Westermanni
1146 2451 1259 2492 inest
1291 2450 1542 2504 biographis

122 2517 301 2560 Graecis
335 2523 506 2560 scatere
542 2519 783 2560 mendaciis
818 2523 859 2560 et
885 2519 1009 2570 nugis
1034 2531 1060 2560 a
1084 2518 1254 2560 Kellero
1277 2532 1317 2572 p.
1337 2519 1422 2560 362
1447 2533 1540 2572 sqq.

122 2588 290 2640 egregie
334 2593 530 2629 notatum
574 2592 652 2628 est.
703 2587 754 2628 Et
787 2592 940 2628 contra
973 2587 1269 2638 Plutarchum,
1303 2588 1372 2641 qui
1406 2587 1543 2629 Aeso-

123 2669 223 2708 pum
258 2656 330 2696 nit.
365 2655 452 2698 Sol.
488 2670 526 2709 p.
561 2656 617 2697 94
651 2661 801 2697 narrat
835 2657 877 2696 in
912 2656 1062 2698 Croesi
1096 2656 1214 2708 regia
1249 2669 1347 2697 cum
1382 2656 1543 2698 Solone
