1863 3043
828 183 873 216 43

141 280 221 322 bus
262 279 539 322 inhaerebat:
603 279 772 321 tamdiu
819 279 891 320 hic
939 278 1025 320 illic
1067 279 1299 331 dissipatas
1345 280 1388 320 in
1430 293 1565 321 unum

142 348 343 402 colligere
374 348 531 390 librum
569 360 678 400 opus
717 360 806 389 non
840 346 973 389 fuisse
1013 347 1260 400 quicunque
1294 347 1563 390 Graecorum

138 422 336 460 ueterum
377 418 513 459 uitam
556 422 598 458 et
643 416 806 458 cultum
852 421 971 458 recte
1027 416 1280 458 considerat
1334 418 1561 459 concedet.

140 485 226 528 Sed
270 489 565 527 euanescente
607 497 759 526 earum
801 490 842 526 et
883 498 966 526 usu
1001 490 1042 526 et
1075 485 1291 526 memoria
1324 486 1564 538 dissipatas

141 558 183 596 et
214 553 435 596 obliuione
466 565 608 606 paene
641 553 822 594 obrutas
855 554 899 594 in
933 553 1076 595 lucem
1109 554 1367 606 protrahere
1412 559 1453 596 et
1486 568 1566 596 un-

140 622 268 675 dique
301 633 456 674 cogere
488 621 532 662 in
565 621 723 662 librum
756 633 978 663 nonnemo
1012 627 1103 663 tum
1137 622 1312 663 demum
1337 621 1466 664 facile
1488 636 1569 675 po-

139 694 253 732 terat
283 690 328 731 in
360 690 556 731 animum
589 690 810 731 inducere.
846 690 970 742 Ergo,
1006 690 1214 743 quidquid
1247 703 1274 732 a
1295 691 1402 732 uiris
1424 691 1564 733 doctis

141 759 421 812 disceptatur,
456 758 642 800 fueritne
675 763 778 800 ante
810 758 1078 800 Demetrium
1111 758 1374 801 Phalereum
1397 758 1566 801 fabula-

139 839 236 869 rum
270 826 540 869 Graecorum
575 839 734 880 corpus
767 838 907 868 necne
926 826 968 881 1),
1004 839 1156 868 earum
1191 828 1448 869 condicione
1477 829 1566 870 sin-

140 895 248 948 gulis
282 894 501 937 aetatibus
534 895 632 948 ipsa
662 898 895 947 perspecta
929 895 1302 947 supersedendum
1338 907 1435 937 esse
1462 896 1566 938 huic

140 964 385 1017 quaestioni
417 963 530 1005 ultro
564 963 805 1016 apparebit.
847 963 1003 1005 Nonne
1036 963 1167 1004 simili
1200 964 1331 1006 modo
1365 964 1566 1006 Homeri-

72 1066 75 1069 .
141 1045 292 1074 corum
326 1032 570 1074 carminum
604 1036 696 1073 tum
729 1032 905 1073 demum
940 1032 1140 1074 collectio
1176 1031 1293 1073 facta
1327 1044 1567 1086 eorumque

141 1099 401 1142 confirmata
433 1112 512 1153 per
543 1100 713 1142 litteras
735 1105 835 1142 sunt
861 1099 1002 1142 forma
1026 1101 1317 1154 spatiumque,
1353 1114 1453 1142 cum
1476 1102 1564 1143 iam

141 1169 185 1210 in
229 1180 281 1210 eo
324 1172 441 1210 esset
484 1173 532 1210 ut
574 1169 715 1221 magis
760 1169 1073 1210 interciderent
1107 1181 1345 1222 eorumque
1377 1171 1565 1221 genuina

141 1235 283 1279 forma
315 1237 493 1278 interire
525 1237 766 1290 inciperet?
801 1237 851 1278 Et
882 1242 1115 1290 postquam
1133 1237 1392 1279 Aristoteles
1425 1239 1469 1279 in
1489 1251 1566 1281 ue-

140 1311 280 1348 terum
305 1304 574 1348 Graecorum
597 1305 841 1359 prouerbiis
867 1306 1138 1347 excutiendis
1172 1307 1338 1359 primus
1371 1308 1563 1349 studium

141 1386 408 1427 operamque
441 1374 688 1426 collocauit,
722 1379 813 1415 tum
849 1374 1023 1415 demum
1068 1374 1176 1416 alios
1220 1375 1304 1417 hoc
1349 1377 1566 1418 excitatos

143 1441 336 1484 facinore
354 1443 447 1484 ueri
473 1442 615 1484 simile
643 1447 709 1484 est
735 1455 894 1496 operae
927 1443 1114 1496 pretium
1148 1443 1324 1485 duxisse
1357 1444 1567 1497 apologos

141 1510 344 1563 colligere
377 1511 433 1552 ad
455 1510 560 1552 illud
582 1515 755 1564 tempus
773 1511 1042 1563 uulgiuagos.
1076 1511 1218 1565 Atque
1241 1518 1566 1566 peropportune

141 1579 302 1620 accidit
335 1579 450 1632 quod
483 1578 538 1620 ab
570 1579 822 1621 Alexandro
855 1579 1014 1632 Magno
1046 1584 1138 1621 tum
1171 1584 1289 1622 totus
1315 1580 1566 1634 patefactus

141 1652 207 1689 est
238 1648 383 1689 oriens
417 1646 684 1702 Graecisque
718 1661 818 1689 cum
849 1648 1020 1702 populis
1043 1647 1280 1691 Semiticae
1303 1649 1449 1703 stirpis
1471 1655 1564 1692 tum

140 1714 342 1769 frequens
361 1719 404 1757 et
434 1715 620 1757 liberum
654 1714 820 1757 factum
853 1721 921 1758 est
953 1717 1281 1758 commercium.
1316 1717 1466 1772 Itaque
1500 1717 1564 1760 fa-

141 1784 223 1826 cile
254 1784 395 1837 potuit
427 1783 518 1825 fieri
550 1788 609 1835 ut,
659 1789 760 1825 'cum
795 1783 1043 1825 fabularum
1077 1785 1282 1838 quicquid
1315 1798 1341 1827 a
1386 1786 1564 1839 quibus-

139 1851 243 1894 libet
273 1851 443 1906 populis
476 1852 858 1905 poterat-congeri
892 1856 1146 1905 congestum
1181 1865 1278 1894 esse
1298 1853 1353 1895 ab
1386 1854 1478 1896 eius
1501 1856 1564 1896 rei

140 1921 346 1962 studiosis
378 1920 484 1961 uiris
518 1924 865 1962 consentaneum
887 1926 1016 1971 esset,
1050 1934 1167 1963 noua
1201 1920 1400 1964 afflueret
1423 1935 1476 1965 ex
1498 1924 1564 1965 in-

124 1989 299 2030 -teriore
330 1988 437 2030 Asia
479 1988 624 2030 subito
668 1987 914 2030 fabularum
957 1990 1024 2030 uis
1071 2001 1256 2043 eamque
1290 1990 1344 2032 ob
1379 2004 1561 2034 causam

141 2057 339 2108 Babrius,
389 2070 489 2098 cum
532 2057 712 2099 saeculo
744 2063 843 2111 post
878 2057 977 2100 Chr.
1013 2071 1053 2099 n.
1088 2059 1216 2100 tertio
1237 2056 1268 2113 2)
1317 2058 1564 2103 fabularum

139 2125 331 2180 syllogen
367 2125 516 2167 ederet
549 2139 689 2177 suam,
725 2131 1004 2168 asseueraret
1028 2125 1212 2178 fabulas,
1248 2141 1433 2181 quarum
1456 2130 1563 2182 ipsis

141 2193 323 2236 Graecis
365 2206 503 2248 usque
545 2195 601 2236 ad
644 2194 748 2235 illud
792 2199 964 2248 tempus
998 2194 1195 2248 profecto
1229 2195 1396 2238 latebat
1428 2199 1561 2250 origo.

140 2273 238 2304 esse
281 2263 459 2304 omnino
502 2260 653 2311 Σύρων
697 2260 762 2315 (h.
799 2274 834 2304 e.
869 2263 1175 2318 Assyriorum)
1218 2263 1398 2302 παλαιὸν
1428 2261 1564 2315 εὕρημ’

142 2326 376 2381 ἀνθρώπων
408 2328 628 2383 (prooem.
663 2329 735 2370 alt.
772 2343 807 2382 p.
842 2329 897 2371 66
932 2331 996 2372 ed.
1029 2330 1134 2384 Eb.).
1181 2331 1380 2384 Undique
1414 2335 1561 2374 autem

240 2451 264 2496 ¹)
290 2452 489 2498 Praecipue
514 2452 611 2488 inter
637 2464 676 2487 se
702 2453 746 2487 de
772 2453 841 2488 hac
866 2465 904 2488 re
940 2456 1202 2499 pugnauerunt
1231 2454 1463 2499 WVagenerus
1489 2455 1511 2489 l.
1539 2455 1561 2490 1.

139 2519 173 2554 p.
191 2509 234 2543 12
248 2519 326 2553 sqq.
354 2512 391 2543 et
404 2508 704 2554 Landsbergerus
730 2509 813 2544 libri
840 2509 898 2544 cui
925 2509 1138 2545 inscribitur
1169 2510 1250 2552 „die
1276 2511 1400 2546 fabeln
1426 2511 1490 2546 des
1504 2511 1563 2546 So-

140 2565 243 2610 phus,
279 2564 466 2610 syrisches
501 2565 657 2610 original
690 2566 753 2600 der
777 2566 914 2610 griech.
941 2567 1063 2601 fabeln
1099 2567 1163 2602 des
1207 2566 1404 2614 Syntipas“
1443 2580 1477 2614 p.
1518 2568 1562 2603 CI

140 2631 217 2666 sqq.
245 2620 299 2656 cf.
326 2624 517 2666 praeterea
542 2621 668 2657 Rothii
694 2634 777 2657 ann.
805 2622 970 2658 Heidelb.
1001 2625 1102 2664 1860,
1130 2627 1162 2665 4,
1192 2624 1329 2659 Kelleri
1354 2636 1388 2670 p.
1417 2625 1496 2660 384.

238 2676 264 2721 ²)
291 2678 338 2712 cf.
366 2677 529 2719 Crusius,
556 2678 652 2713 stud.
679 2678 776 2725 Lips.
806 2679 848 2713 II.
