1863 3043
760 210 804 243 53

69 319 155 360 qua
188 319 323 348 causa
357 306 526 347 uidetur
559 307 834 358 1·epudiasse;
870 318 981 358 quae
1015 311 1162 347 autem
1191 306 1369 358 uulgata
1402 307 1490 347 iam

72 375 204 416 fuisse
237 379 472 428 antequam
507 374 752 416 Herodotus
786 374 859 415 illa
893 374 1155 426 conscripsit
1179 374 1488 415 conclusimus.

70 456 187 496 uesp.
221 456 291 484 uu.
330 442 442 483 1446
475 455 538 495 sq.
575 443 632 483 ita
667 443 817 494 tetigit,
854 447 898 482 ut
918 442 1078 494 Aesopi
1103 454 1232 484 omne
1257 443 1372 495 quod
1394 442 1491 483 Del-

70 511 166 563 phis
210 510 339 551 subiit
391 509 526 550 fatum
560 509 750 562 perbene
784 515 826 551 et
860 511 947 551 iam
981 511 1054 551 diu
1086 515 1238 552 notum
1274 510 1409 552 fuisse
1441 511 1491 551 li—

69 584 168 621 ceat
199 579 415 620 arbitrari.
451 577 560 620 Cum
594 590 698 619 uero
732 590 784 619 ex
804 590 923 631 uesp.
951 577 1060 619 1401
1088 592 1179 632 sqq.
1206 591 1259 619 ne
1281 580 1489 620 seruiisse

69 648 241 701 quidem
277 647 498 699 Aesopum
533 647 776 688 luculenter
809 651 1021 700 appareat
1053 659 1194 700 neque
1239 648 1282 688 in
1323 648 1408 689 hac
1442 660 1489 688 re

69 720 143 757 aut
176 714 381 757 Soc-rates
404 713 542 767 (apud
566 715 818 757 Platonem)
843 720 917 756 aut
935 715 1192 757 Aristoteles
1216 715 1258 762 (l.
1283 716 1328 770 l.)
1362 716 1489 757 iidem

69 784 276 826 habuisse
310 784 542 825 uideantur
575 785 809 826 Herodoto.
856 790 1051 826 nostram
1101 785 1272 837 penitus
1305 784 1488 826 stabiliri

67 853 194 894 uideo
228 853 489 893 sententiam
525 853 791 894 Herodotum
827 854 878 894 de
902 853 1075 905 Aesopo
1100 853 1298 894 attulisse
1331 853 1489 905 partim

66 922 297 963 notissima
331 921 488 973 partim
524 922 777 962 nouissima.
815 922 876 962 A(-
910 921 1106 973 profecto
1140 921 1299 973 duplici
1334 921 1488 963 horum

67 990 417 1032 testimoniorum
451 990 598 1041 generi
632 989 907 1042 respondebit
945 991 1067 1031 tides:
1103 1003 1234 1042 quam
1270 995 1314 1030 ut
1344 990 1490 1041 singu-

68 1060 206 1100 lorum
242 1059 521 1110 experiamur
554 1071 669 1098 nun(-
703 1058 892 1110 postulat
928 1059 1051 1099 ratio.
1090 1058 1135 1098 lu
1169 1071 1253 1110 quo
1287 1070 1386 1099 eum
1421 1070 1490 1099 or-

69 1129 213 1169 dinem
248 1139 419 1180 sequar.
463 1131 508 1167 ut
543 1127 659 1178 prius
694 1127 746 1167 de
780 1127 832 1167 iis
867 1131 1021 1178 agatur
1054 1127 1182 1168 rebus
1217 1139 1325 1179 quas
1360 1126 1487 1178 uulgo

68 1197 265 1249 cognitas
307 1196 392 1235 iam
439 1195 571 1235 fuisse
617 1200 718 1235 ante
752 1195 913 1235 editam
948 1195 1154 1235 Herodoti
1191 1195 1487 1235 narrationem

69 1264 314 1304 statuimus.

155 1399 216 1440 Ae
251 1400 437 1451 primum
473 1396 687 1448 λογοποιόν
723 1400 966 1440 Herodotus
990 1399 1208 1451 Aesopum
1239 1400 1355 1440 dicit.
1393 1400 1486 1450 Quo

69 1469 247 1509 nomine
281 1473 347 1509 ter
379 1468 495 1520 apud
530 1467 647 1508 illum
682 1466 741 1511 (II
780 1467 874 1508 143.
910 1468 948 1507 V
969 1467 1038 1519 36,
1076 1467 1181 1522 125)
1214 1468 1486 1509 Hecataeum

66 1536 280 1579 Milesium
315 1535 523 1588 appellari
559 1541 744 1577 constat.
781 1536 865 1578 Sed
884 1536 1104 1590 Aesopum
1139 1538 1182 1577 in
1210 1537 1487 1589 logographis

67 1605 216 1658 ecquis
251 1603 458 1645 habebit?
521 1606 665 1654 Quare
698 1605 813 1656 quod
850 1602 1065 1653 λογοποιόν
1095 1605 1318 1658 Aesopum
1352 1605 1487 1646 nihilo

64 1672 208 1713 secius
244 1672 312 1713 ille
345 1673 627 1724 nuncupauit.
663 1684 743 1713 nec
778 1672 980 1713 uocabuli
1016 1674 1122 1714 satis
1158 1674 1243 1714 rari
1278 1673 1359 1714 sibi
1384 1686 1486 1715 con-

65 1746 183 1782 stare
216 1741 386 1782 uidetur
419 1754 536 1782 usus.
574 1741 883 1793 interpretandi
919 1742 1102 1782 artificio
1127 1742 1317 1794 quodam
1341 1742 1383 1783 id
1408 1755 1487 1783 nu-

66 1809 253 1860 perrime
294 1821 508 1850 exc-usare
541 1810 703 1850 studuit
738 1809 907 1861 Lipsius
941 1810 1246 1862 quaestionum
1290 1809 1488 1861 logogra-

67 1877 179 1929 phic.
213 1890 252 1929 p.
289 1877 327 1918 4.
393 1879 487 1928 Quo
521 1878 723 1930 quamuis
767 1878 968 1930 specioso
1001 1883 1042 1919 et
1084 1878 1240 1918 idoneo
1275 1878 1345 1918 hie
1379 1890 1486 1930 opus

66 1944 200 1987 fuisse
233 1946 434 1998 equidem
469 1957 635 1997 negem.
671 1946 917 1987 Herodotus
941 1947 1056 1987 enim
1082 1959 1167 1987 non
1187 1947 1350 1998 primus
1375 1947 1487 1987 inter

64 2026 217 2055 omnes
260 2026 340 2055 nee
385 2026 511 2055 suum
559 2014 692 2066 ipsius
738 2014 946 2054 iudicium
991 2019 1168 2055 secutus
1209 2026 1369 2055 nomen
1403 2014 1486 2055 hoc

65 2082 200 2123 induit
235 2082 420 2134 Aesopo.
458 2083 498 2123 id
531 2083 645 2135 quod
681 2084 745 2123 uir
779 2082 848 2124 ille
883 2083 1163 2123 doctissimus
1188 2083 1357 2123 uidetur
1389 2094 1486 2124 esse

64 2150 280 2201 opinatus.
328 2151 405 2191 sed
450 2151 626 2191 aliunde
669 2155 900 2202 acceptum
948 2156 990 2191 et
1033 2151 1254 2202 uulgatum
1292 2151 1377 2191 iam
1411 2162 1486 2203 per

64 2230 142 2258 ora
175 2218 299 2259 salua
334 2220 611 2260 constantiae
645 2231 752 2260 suae
787 2219 914 2260 laude
948 2220 1161 2272 repetiuit.
1212 2220 1366 2272 Itaque
1399 2232 1485 2261 non

64 2287 283 2338 quomodo
326 2286 450 2328 nobis
495 2289 577 2328 hoc
623 2288 718 2329 loco
762 2288 885 2329 uocis
922 2286 1137 2337 λογοποιός
1184 2288 1485 2330 conciliandus

64 2355 119 2394 sit
152 2366 306 2396 sensus
341 2369 437 2396 cum
475 2357 631 2397 ceteris
675 2356 781 2398 locis
829 2356 1098 2397 Herodoteis.
1149 2356 1225 2397 sed
1268 2356 1485 2409 quomodo

65 2423 107 2463 id
140 2424 265 2475 quasi
299 2424 512 2466 sollemne
545 2425 704 2476 Aesopi
751 2436 994 2476 cognomen
1039 2436 1192 2465 omnes
1235 2425 1486 2478 acceperint

65 2489 221 2532 Graeci
252 2493 511 2543 praesertim
548 2493 572 2533 ii
606 2493 677 2546 qui
712 2493 894 2544 proximi
929 2497 1055 2533 erant
1087 2497 1232 2533 aetate
1266 2493 1485 2535 Herodoto

65 2563 131 2599 est
162 2558 410 2600 uidendum.
466 2560 544 2601 Hic
583 2565 739 2601 testem
773 2561 1085 2612 grauissimum
1119 2561 1248 2602 edere
1283 2561 1383 2602 licet
1415 2574 1485 2603 sa-

64 2627 382 2678 pientissimum
418 2627 685 2670 Graecorum
720 2628 962 2671 Socratem.
998 2627 1131 2670 Cuius
1153 2641 1176 2670 e
1197 2628 1342 2670 uerbis
1376 2628 1483 2670 Plat.

66 2693 228 2736 Phaed.
273 2694 375 2737 60C
431 2701 565 2737 totam
621 2697 926 2749 antiquitatem
982 2697 1275 2738 Herodoteam
1330 2709 1482 2739 uocem
