1854 3017
954 213 998 246 ΗΟ

265 312 443 358 ριτικαῖς
488 313 686 349 testatur.
753 309 828 350 his
873 309 1054 350 uocibus
1094 310 1207 350 idem
1260 309 1506 350 fabularum
1549 321 1687 361 genus

264 379 394 428 atque
427 376 725 429 Aesopearum
762 378 1026 429 significetur
1059 391 1115 419 an
1148 378 1278 430 paulo
1312 377 1522 419 dissimile
1554 390 1688 431 quae—

262 456 423 486 ramus.
491 445 551 485 Ac
597 446 634 486 si
674 447 770 498 quis
804 446 1158 487 narratiunculas
1194 446 1304 498 illas,
1355 458 1468 499 quae
1501 445 1557 487 ab
1590 446 1687 487 Ari—

261 513 476 564 stophane
509 514 712 555 dicuntur
744 514 992 568 Sybaritica
1025 516 1137 566 ioca,
1173 516 1395 568 appellare
1420 516 1464 556 in
1489 516 1685 556 animum

261 580 485 622 induceret
518 582 762 636 Aesopicas
798 582 983 634 fabulas,
1019 596 1148 626 nemo
1183 585 1253 637 qui
1289 585 1455 636 integro
1489 589 1555 626 est
1576 584 1686 626 iudi-

261 649 328 689 cio
376 654 418 690 et
465 664 596 703 quam
650 652 850 694 diuersas
901 665 970 694 res
1020 653 1243 706 Aesopeas
1298 653 1470 695 fabulas
1523 665 1685 695 uocare

260 717 401 769 ipsum
437 718 654 761 Graecum
689 722 910 763 consuerit
945 723 1166 773 ingenium
1191 722 1452 775 explorauit‚
1488 726 1687 763 moueret

258 786 504 829 tumultum.
570 788 651 840 Qui
697 794 844 831 autem
880 791 970 831 lieri
1004 791 1193 842 potuerit
1225 791 1260 832 si
1294 791 1389 844 quis
1423 795 1608 844 quaerat
1640 794 1687 831 ut

260 855 514 898 historiolae
547 857 776 911 Aesopicis
812 858 970 900 fabulis
1004 859 1253 900 simillimae
1281 864 1322 900 et
1343 859 1551 912 aequales
1575 871 1685 900 nun-

260 929 526 976 cuparentur
572 926 865 980 Sybariticae:
921 927 1100 980 Sybaris
1154 932 1330 980 propter
1382 927 1682 969 incredibilem

259 993 454 1034 omnium
490 1006 635 1035 rerum
671 1008 782 1048 quae
817 996 872 1037 ad
905 997 1023 1038 uitae
1041 997 1359 1038 iucunditatem
1385 1000 1588 1049 spectant
1620 996 1685 1037 af-

260 1061 482 1103 fluentiam
530 1064 861 1117 incolarumque
905 1078 1108 1117 magnam
1156 1077 1300 1106 rerum
1335 1078 1465 1118 quam
1500 1065 1684 1106 maturis

259 1135 299 1170 et
333 1131 470 1183 longis
504 1133 730 1174 itineribus
767 1134 998 1176 maritimis
1032 1135 1222 1187 undique
1266 1134 1349 1174 sibi
1394 1146 1684 1186 comparaue-

261 1204 356 1240 rant
390 1201 727 1253 cognitionem¹›
778 1203 969 1244 maxima
1015 1203 1210 1244 omnium
1255 1203 1528 1244 coloniarum
1568 1202 1683 1255 apud

260 1267 453 1311 Graecos
487 1270 631 1312 floruit
664 1272 928 1313 auctoritate
963 1277 1004 1313 et
1038 1271 1170 1313 fama.
1207 1271 1265 1312 lbi
1300 1272 1429 1323 igitur
1452 1271 1489 1312 si
1510 1269 1684 1312 incolae

258 1337 385 1379 salsis
420 1339 655 1380 studebant
689 1340 882 1381 dicteriis
916 1345 957 1381 et
991 1341 1095 1393 ipsis
1119 1340 1275 1381 fabulis
1300 1340 1478 1381 assidue
1498 1339 1683 1380 uteban-

258 1412 338 1451 tur„
372 1411 511 1448 totum
547 1420 699 1448 earum
733 1420 879 1448 rerum
914 1409 1031 1459 haud
1066 1408 1344 1449 mediocriter
1376 1407 1463 1448 illic
1487 1405 1684 1448 celebra—

259 1482 400 1518 tarum
434 1491 571 1530 genus
606 1480 780 1531 proprio
815 1480 949 1520 etiam
982 1484 1074 1520 tum
1109 1480 1286 1520 nomine
1321 1490 1475 1532 expers
1509 1491 1536 1519 a
1569 1477 1683 1519 cele-

257 1546 380 1587 brata
431 1548 526 1599 ipsa
576 1548 648 1589 illa
698 1548 804 1589 urbe
853 1549 1067 1590 interdum
1112 1560 1273 1589 nomen
1316 1548 1504 1589 traxisse
1536 1558 1682 1588 nonne

258 1620 606 1656 consentaneum
641 1616 738 1658 est'?
793 1617 918 1668 Quod
951 1618 1063 1658 adeo
1104 1617 1219 1669 apud
1253 1615 1448 1658 Graecos
1479 1620 1572 1656 tum
1605 1627 1684 1668 po-

256 1684 487 1735 tissimum,
523 1697 622 1725 cum
658 1685 759 1726 urbs
784 1686 895 1726 tristi
929 1699 1034 1726 casu
1070 1685 1317 1736 interiisset,
1352 1684 1546 1726 ualuisse
1579 1695 1681 1725 cen-

258 1753 442 1793 sendum
477 1758 555 1794 est.
591 1758 636 1793 ut
670 1765 723 1794 ne
743 1754 904 1806 Aesopi
939 1755 1114 1807 quidem
1148 1753 1328 1794 saeculo
1363 1753 1507 1794 medio
1529 1752 1680 1805 quinto

257 1822 518 1862 anctoritate
553 1822 839 1863 uehementer
873 1824 1188 1864 exardescente
1227 1826 1367 1863 totum
1408 1821 1679 1862 obrueretur.

345 1889 399 1929 At
433 1890 548 1930 enim
583 1891 819 1931 discrimen
856 1903 954 1932 esse
989 1892 1101 1932 inter
1132 1891 1358 1943 Aesopeas
1393 1894 1435 1930 et
1467 1888 1679 1942 Sybariti-

256 1970 332 1998 cas
367 1956 540 1999 fabulas
574 1959 817 2000 scholiasta
851 1960 979 2002 docet
1012 1961 1068 2001 ad
1102 1973 1170 2000 au.
1206 1959 1289 1999 471
1334 1958 1480 1999 uerbis
1522 1956 1602 1994 τῶν
1638 1956 1681 1994 δὲ

253 2023 404 2075 μύθων
423 2022 459 2064 οἱ
482 2024 558 2075 μὲν
581 2024 678 2078 περὶ
701 2023 862 2077 ἀλόγων
886 2026 1000 2080 ζῴων
1029 2026 1134 2066 εἰσίν
1163 2024 1408 2077 Αἰσώπειοι,
1449 2021 1486 2063 οἱ
1512 2022 1556 2063 δὲ
1584 2022 1680 2074 περὶ

256 2089 493 2145 ἀνθρώπων
519 2095 804 2145 Συβαριτικοί
819 2096 1079 2150 quibuscum
1093 2096 1330 2136 concinunt
1342 2095 1477 2136 eiusd.
1492 2095 1548 2136 ad
1557 2105 1679 2146 uesp.

256 2162 368 2203 1258
404 2161 477 2201 καί
505 2160 543 2202 οἱ
572 2162 648 2213 μὲν
677 2163 922 2203 Λίσωπικοί
964 2164 1049 2219 (sc,
1084 2162 1243 2218 μῦθοι)
1287 2161 1384 2213 περί
1420 2161 1502 2200 τῶν
1532 2175 1681 2212 τετρα-

254 2227 394 2269 πόδων
428 2225 547 2281 ἦσαν,
584 2227 622 2269 οἱ
657 2228 700 2269 δὲ
728 2231 1004 2282 Συβαριτικοί
1034 2230 1131 2284 mvl
1153 2232 1236 2270 τῶν
1255 2228 1552 2282 ἀνθρωπίνων.
1586 2231 1678 2271 Has

255 2299 437 2340 uidesne
470 2300 786 2353 explicationes
822 2301 991 2342 medius
1028 2302 1150 2342 lidius
1173 2300 1476 2343 conformatas
1500 2311 1598 2341 esse
1621 2299 1678 2340 ad

255 2368 673 2420 Aristophaneorum
721 2370 919 2410 locorum
964 2370 1170 2421 speciem⁷
1220 2370 1262 2409 in
1307 2368 1476 2422 quibus,
1525 2380 1679 2421 quam—

256 2449 387 2488 quam
433 2437 615 2478 echinus
659 2450 762 2479 uere
807 2438 1055 2490 Aesopeam
1100 2438 1239 2478 induit
1271 2449 1521 2490 personam,
1571 2449 1678 2477 casu

257 2509 405 2546 tamen
438 2503 488 2542 τᾶ
520 2503 772 2556 ἀνθρώπινα
805 2507 1099 2559 praeualent‘?
1147 2506 1281 2547 Multo
1330 2505 1598 2546 moderatius
1631 2515 1680 2545 se

255 2574 385 2623 gessit
430 2573 738 2625 Diogenianus.
789 2575 859 2627 qui
902 2579 1134 2628 postquam
1170 2575 1393 2626 Aesopeas
1433 2572 1603 2614 fabulas
1637 2576 1679 2612 et

356 2716 379 2753 ¹)
407 2716 450 2750 cf.
481 2716 596 2750 Grotii
625 2717 709 2751 hist.
738 2718 866 2753 Graec.
897 2718 922 2750 ll
953 2730 985 2762 p.
1013 2719 1080 2752 297
1108 2728 1185 2761 sqq.
1213 2729 1308 2751 uers.
1335 2716 1456 2751 theod.
