1854 3017
989 149 1035 184 34

298 248 377 288 bus
411 252 452 290 et
491 247 630 300 poetis
663 245 844 287 comicis
878 245 1087 286 utendum
1113 243 1246 287 fuisse
1269 249 1430 298 putem,
1466 246 1550 287 nisi
1573 244 1722 288 fabula

296 315 430 369 probe
463 319 568 356 nota
601 314 789 355 conuicii
821 313 1018 354 leniisset
1050 313 1440 366 importunitatem.

384 471 474 512 Iam
509 483 608 511 eam
641 470 825 521 ingressi
859 469 978 510 uiam
1013 481 1099 522 qua
1133 468 1380 511 fabularum
1414 471 1609 523 ipsarum
1632 471 1721 512 sin-

293 540 402 593 gulis
443 538 661 581 aetatibus
696 537 812 590 apud
847 536 1042 579 Graecos
1078 539 1385 580 condicionem
1417 539 1721 592 persequimur

292 608 454 660 Aesopi
500 606 768 648 mentionem
810 617 833 647 e
874 605 1069 647 tenebris
1103 605 1248 647 subito
1283 607 1546 659 emergentis
1580 607 1720 649 omni-

291 676 458 729 busque
492 673 920 716 narratiuncularum
954 673 1187 726 generibus
1230 674 1481 728 obrepentis
1523 688 1613 717 non
1646 688 1721 717 cu-

288 749 450 794 rantes,
471 743 737 796 pergendum
760 741 1027 783 arbitramur
1046 743 1216 794 eadem,
1243 745 1386 796 quoad
1405 744 1461 785 ad
1479 743 1719 786 Alexandri

274 812 439 864 >Magni
471 814 729 864 peruentum
764 810 845 851 erit
878 814 1068 852 aetatem
1103 823 1222 852 noua
1255 823 1308 852 ex
1331 811 1508 854 Oriente
1528 811 1720 855 inferen-

291 886 379 922 tem
413 881 457 921 in
492 879 725 921 Graeciam
760 879 988 921 doctrinae
1023 879 1252 933 cultusque
1286 880 1515 922 elementa.

380 976 443 1018 Ac
489 975 611 1017 brevi
655 976 843 1029 primum
890 976 1123 1018 dicendum
1171 981 1236 1018 est
1278 977 1330 1018 de
1364 976 1596 1030 Sophoclis
1630 979 1719 1031 epi-

291 1048 534 1097 grammate
575 1043 630 1085 ab
674 1043 902 1086 Athenaeo
946 1044 1039 1085 XIII
1074 1044 1206 1086 6041]
1248 1045 1423 1086 tradito.
1487 1045 1600 1087 Nam
1633 1058 1716 1097 res,

289 1127 421 1167 quam
454 1113 524 1154 ille
559 1113 812 1166 Hieronymi
848 1112 1004 1154 Rhodii
1037 1113 1165 1154 nixus
1201 1112 1283 1154 fide
1316 1117 1482 1165 narrat,
1533 1125 1640 1156 uera
1672 1118 1718 1155 ut

290 1183 358 1232 sit,
404 1186 555 1223 tamen
600 1181 686 1222 huc
731 1193 831 1222 eam
863 1181 1082 1233 pertinere
1121 1193 1232 1233 nego
1266 1181 1364 1223 ideo
1407 1181 1536 1235 quod,
1586 1182 1658 1236 qui
1692 1194 1718 1223 a

290 1251 507 1304 Sophocle
539 1251 659 1302 tangi
690 1250 847 1291 dicitur
872 1247 993 1300 λόγος
1013 1247 1107 1299 περί
1130 1249 1201 1288 τοῦ
1222 1246 1370 1288 Ἱ-Ι).ιόυ
1392 1247 1467 1288 καί
1490 1247 1654 1301 Βορέου
1671 1247 1715 1305 1),

288 1321 332 1361 in
366 1319 669 1373 mythologicis
703 1330 802 1359 eum
836 1317 1090 1360 habendum
1125 1330 1222 1360 esse
1255 1318 1596 1371 narrationibus,
1631 1331 1719 1360 non

287 1388 329 1428 in
365 1387 558 1440 apologis
592 1399 854 1439 persuasum
888 1387 994 1427 mihi
1028 1391 1106 1428 est.

378 1482 608 1535 Sophoclis
650 1495 790 1535 paene
831 1483 1062 1536 aequalem
1095 1482 1325 1525 Achaeum
1367 1487 1544 1536 poetam
1583 1484 1718 1536 tragi-

290 1564 388 1592 cum
424 1551 716 1592 Eretriensem
751 1552 806 1592 ad
839 1551 1124 1604 apologorum
1157 1551 1314 1593 saltem
1348 1552 1392 1592 in
1416 1550 1575 1593 fabulis
1599 1555 1718 1605 saty-

287 1620 390 1660 ricis
424 1620 706 1660 descendisse
739 1632 867 1660 usum
902 1618 1195 1671 fragmentum
1229 1620 1322 1661 eius
1356 1632 1383 1661 a
1416 1620 1536 1672 Diog.
1571 1620 1714 1661 Laert.

286 1689 324 1729 II
359 1688 517 1740 17,133
551 1702 612 1741 sq.
649 1692 881 1730 seruatum
914 1689 1167 1730 testimonio
1201 1693 1279 1740 est,
1330 1689 1457 1742 quod,
1508 1689 1593 1730 nisi
1627 1686 1713 1729 fab.

285 1757 373 1797 420
404 1757 474 1798 uel
508 1757 600 1797 eius
633 1756 826 1810 aliquam
861 1757 1049 1798 similem
1083 1761 1357 1810 spectatores
1375 1758 1616 1808 nouissent‚
1651 1757 1716 1798 in-

285 1825 430 1877 tellegi
475 1838 562 1867 non
601 1826 752 1878 potuit.
819 1825 930 1876 Quin
974 1826 1085 1867 adeo
1120 1838 1220 1867 cum
1252 1825 1534 1879 paucissimis
1567 1824 1714 1866 uerbis

288 1893 461 1945 apologi
495 1893 564 1934 hic
597 1897 830 1934 reuocetur
863 1895 1078 1935 memoria
1120 1907 1208 1936 non
1249 1895 1311 1936 ita
1355 1894 1447 1936 noti
1491 1897 1533 1935 et
1578 1893 1715 1935 multa

287 1961 401 2002 illius
436 1962 572 2003 uerba
605 1975 759 2014 parum
793 1962 927 2014 plana
960 1975 1022 2007 ac,
1047 1963 1282 2015 perspicua
1325 1974 1424 2004 esse
1458 1962 1714 2004 Athenaeus

287 2030 325 2071 X
358 2029 489 2072 451C
533 2031 715 2071 iudicet:
768 2031 900 2072 etiam
939 2031 1134 2084 plurIbus
1167 2031 1276 2073 locis
1310 2031 1365 2073 ab
1397 2031 1471 2073 illo
1504 2031 1713 2084 apologos

284 2102 399 2139 tecte
432 2099 699 2151 significatos
732 2111 829 2140 esse
861 2099 963 2141 licet
996 2100 1251 2152 existimari,
1287 2113 1395 2153 quos
1428 2099 1484 2141 ab
1519 2099 1714 2153 aequali—

286 2167 366 2208 bus
398 2167 500 2208 sciri
533 2168 626 2219 ipse
660 2180 747 2209 non
781 2168 1013 2220 ignorabat
1046 2168 1115 2210 uel
1149 2168 1370 2221 sperabat,
1417 2169 1496 2210 sed
1528 2181 1712 2222 quarum

286 2235 500 2276 Athenaei
542 2236 812 2289 temporibus
858 2238 947 2278 iam
981 2238 1052 2278 diu
1084 2237 1303 2278 interiisse
1343 2237 1515 2278 uidetur
1547 2248 1714 2278 memo-

284 2305 362 2344 ria.
419 2304 612 2346 Consilio
667 2310 813 2346 autem
867 2319 1060 2359 quonam
1114 2304 1308 2347 fabulam
1368 2307 1420 2347 de
1473 2305 1620 2359 aquila
1670 2309 1713 2347 et

286 2373 504 2413 testudine
549 2374 828 2425 usurpauerit
861 2374 1079 2425 Achaeus,
1124 2386 1176 2416 ex
1219 2375 1314 2427 ipso
1348 2373 1591 2426 fragmento
1624 2385 1712 2414 non

285 2444 427 2492 patet3
478 2453 558 2481 nec
606 2445 755 2482 tamen
804 2443 952 2495 dispar
996 2443 1099 2484 illud
1143 2442 1276 2484 fuisse
1319 2442 1374 2484 ab
1417 2454 1469 2484 eo
1512 2441 1708 2492 consilio,

286 2522 370 2562 qno
423 2513 521 2561 post
574 2514 749 2551 centum
799 2515 840 2552 et
888 2512 1202 2565 quinquaginta
1251 2524 1391 2553 annos
1425 2510 1708 2553 Menedemus

388 2652 410 2696 ¹)
438 2652 544 2686 Babr.
573 2655 630 2687 est
656 2654 727 2688 fab.
758 2656 810 2695 18,
839 2655 959 2689 Halm.
987 2656 1041 2689 ed.
1068 2655 1125 2690 82.
