1937 3032
985 131 1026 164 12

291 227 484 267 Kellerus
519 241 556 279 p.
593 226 677 267 383
715 227 755 266 in
791 226 1036 267 fabularum
1059 226 1249 279 reliquiis
1271 240 1498 269 numerare
1522 241 1607 270 non
1637 229 1715 270 du-

291 294 456 336 bitauit.
493 307 571 346 ego
605 295 777 347 quidem
814 295 1004 335 incertus
1040 294 1224 345 liaereo;
1279 296 1531 337 testimonio
1565 301 1713 338 tamen

290 376 388 403 (sum
424 362 533 403 hacc
568 367 665 402 sunt
701 367 791 402 tum
825 362 1016 402 maxime
1051 362 1098 404 fr.
1135 363 1173 412 7,
1224 376 1355 415 quam
1400 368 1549 416 gratus
1584 376 1714 406 acce-

288 437 471 482 ptusque
518 431 551 470 is
598 430 720 470 fuerit
757 443 843 471 11011
878 430 1007 471 modo
1041 429 1254 472 Simonidi
1288 432 1364 472 sed
1397 432 1475 473 toti
1509 436 1599 473 tum
1632 432 1713 475 Sa-

289 499 470 539 miorum
505 498 662 550 populo
697 511 805 539 mos.
840 502 886 539 ut
919 510 1031 551 quae
1058 499 1098 539 in
1128 499 1390 541 animalibus
1415 500 1711 542 observabant

287 579 338 607 ea
372 567 414 606 111
449 567 641 618 ipsorum
664 566 881 607 humanas
903 578 972 608 res
998 571 1038 608 et
1060 572 1240 609 naturas
1265 568 1546 611 illustrandas
1567 574 1711 611 trans-

288 634 459 675 ferrent.
516 635 655 688 Atque
690 635 800 676 adeo
834 635 984 676 nescio
1018 635 1077 676 illi
1111 649 1167 677 an
1190 649 1413 690 nunquam
1437 638 1706 690 contigisset,

285 709 327 743 ut
363 708 514 743 contra
549 703 725 743 Homeri
760 715 939 753 morem,
995 717 1079 756 quo
1114 704 1149 746 is
1183 705 1389 758 quidquid
1423 706 1709 758 comparandi

285 784 419 812 causa
453 770 592 812 adfert
626 784 757 824 quam
790 771 988 823 plurimis
1023 772 1229 813 describit
1253 773 1410 825 uerbis,
1446 773 1708 816 breuissima

283 842 539 884 animalium
573 843 767 895 ipsarum
803 844 1023 885 mentione
1057 844 1250 896 singulas
1284 846 1514 886 mulierum
1537 846 1706 899 species

283 911 535 963 complexus
580 911 783 963 cuiquam
828 924 874 953 se
917 911 1134 964 probaret,
1188 913 1268 954 nisi
1315 914 1385 966 qui
1431 912 1588 955 fabulis
1624 913 1707 956 fre-

282 984 462 1032 quenter
502 979 662 1020 auditis
710 981 1049 1033 unumquodque
1090 993 1238 1022 eorum
1274 993 1386 1034 quae
1419 982 1464 1023 in
1496 982 1580 1024 hoc
1613 982 1706 1024 lau-

281 1048 439 1088 dantur
472 1048 668 1088 carmine
701 1048 826 1101 quasi
861 1053 1010 1090 certae
1044 1053 1228 1090 naturae
1262 1050 1496 1102 imaginem
1541 1050 1705 1093 habere

280 1116 337 1156 ita
352 1116 667 1157 consueuisset.
681 1121 727 1156 ut
742 1121 913 1157 tantum
932 1118 1109 1158 nomine
1128 1118 1276 1159 audito
1295 1116 1391 1171 (τήν
1408 1118 1428 1155 ὸ
1442 1117 1496 1157 ’ἐκ
1514 1116 1704 1165 κυνός-

280 1183 352 1233 τὴν
367 1183 386 1220 ι)
402 1180 456 1222 ’ἐκ
472 1183 602 1234 γαλῆς
619 1209 675 1212 —-—
693 1186 763 1234 τῆν
778 1183 860 1223 δ’ἐκ
874 1184 1122 1236 πιθήκου-
1143 1185 1214 1236 τῆν
1234 1182 1552 1241 δ’ἑκμὸλίσσης)
1571 1200 1702 1240 quam

278 1252 478 1305 quodque
502 1257 668 1294 certam
702 1253 967 1305 significaret
1000 1259 1201 1296 naturam
1230 1267 1284 1296 ne
1317 1254 1493 1307 paulum
1529 1255 1702 1308 quidem

278 1319 527 1372 ambigeret.
582 1320 755 1362 Nouum
798 1321 867 1362 hic
909 1335 1121 1374 apparere
1156 1324 1534 1375 comparationum
1566 1335 1702 1375 genus

277 1392 406 1441 atque
425 1389 479 1429 ab
499 1390 690 1441 HomerL
727 1403 853 1444 quem
871 1391 1076 1432 nimirum
1096 1405 1315 1433 summum
1337 1392 1442 1432 artis
1459 1392 1700 1445 principem

277 1457 407 1497 etiam
442 1458 511 1498 ille
545 1463 721 1500 secutus
755 1464 834 1510 est„
870 1460 1155 1512 comparandi
1189 1461 1360 1502 ratione
1383 1460 1574 1501 alienum
1597 1472 1701 1502 con-

277 1525 418 1566 cedes.
483 1526 593 1567 Nam
627 1539 716 1568 res
760 1533 804 1568 ut
843 1541 975 1581 quam
1009 1529 1199 1569 maxime
1233 1527 1406 1569 efferret
1438 1532 1700 1581 ornaretque

276 1592 489 1646 frequenti
532 1597 862 1648 comparatione
906 1596 1143 1637 Homerum
1194 1609 1320 1637 usum
1370 1607 1467 1637 csse
1501 1600 1697 1637 constat:

274 1660 541 1703 Simonidem
577 1670 737 1705 autem.
773 1677 947 1706 mores
981 1670 1312 1719 naturasque
1344 1669 1544 1718 utquam
1569 1677 1700 1705 accu-

274 1731 493 1772 ratissime
526 1732 842 1785 uerissimeque
867 1734 1129 1786 exprimeret
1152 1733 1379 1775 hominum
1403 1745 1503 1774 cum
1527 1733 1582 1774 ad
1605 1732 1698 1773 ani-

273 1798 450 1839 malium
485 1800 783 1842 descendisset
818 1802 1031 1854 exempla,
1068 1814 1165 1843 eam
1199 1802 1342 1854 potius
1366 1805 1566 1842 secutum
1600 1813 1697 1842 esse

271 1867 499 1916 rationem„
536 1869 579 1909 in
612 1882 697 1922 qua
731 1882 905 1910 summa
938 1874 1139 1911 uersatur
1175 1869 1348 1911 fabulae
1382 1868 1542 1911 Samiis
1566 1873 1612 1910 ut
1633 1869 1697 1910 ui-

272 1936 396 1976 detur
429 1950 515 1977 non
549 1938 774 1989 ignoratae
809 1943 1003 1991 apparet.
1069 1939 1232 1980 Eodem
1274 1937 1472 1991 profecto
1506 1937 1696 1979 imbutus

270 2004 430 2046 iudicio
463 2005 740 2057 Ribbeckius,
777 2019 876 2047 cum
909 2011 1049 2049 totum
1082 2008 1198 2049 hunc
1239 2007 1434 2049 iambum
1468 2008 1511 2048 111
1545 2006 1696 2048 1116110-

270 2084 361 2112 rem
396 2079 590 2125 speraret
623 2075 818 2126 redigere
852 2086 899 2115 se
931 2087 1061 2126 posse
1096 2075 1414 2126 condicionem,
1450 2075 1566 2116 haud
1588 2087 1696 2127 pau-

270 2153 345 2181 cas
385 2154 498 2194 quae
542 2147 715 2184 exstant
761 2142 932 2184 fabulas
966 2143 1128 2184 auxilio
1162 2155 1325 2185 uocare
1358 2156 1445 2185 non
1479 2143 1694 2185 dubitauit

269 2209 376 2250 Mus.
413 2210 490 2251 Rh.
525 2211 661 2252 XXIX
694 2212 780 2253 249
814 2226 876 2265 sq.
922 2211 1169 2254 Simonides
1203 2224 1321 2264 uero,
1357 2224 1485 2265 quem
1519 2225 1692 2254 summo

268 2277 365 2319 loco
400 2284 549 2320 natum
585 2293 681 2322 esse
716 2285 902 2333 constat,
936 2281 1081 2333 grauis
1110 2286 1175 2322 est
1208 2282 1331 2323 testis
1366 2280 1536 2322 fabulas
1569 2280 1693 2323 nobi-

268 2345 371 2386 lium
406 2352 479 2388 aut
511 2349 755 2402 principum
789 2363 877 2392 11011
910 2351 1040 2392 111οᾶ0
1075 2349 1209 2391 fuisse
1243 2363 1330 2391 non
1363 2350 1406 2390 in
1441 2354 1692 2402 contemptu

267 2415 344 2455 sed
378 2416 420 2455 in
454 2418 759 2459 aestimatione
793 2420 998 2460 maxima.

354 2552 478 2594 Nunc
511 2555 763 2607 priusquam
797 2561 1010 2608 pergatur,
1054 2569 1197 2609 pauca
1230 2556 1557 2609 praemonenda
1591 2567 1689 2597 esse

266 2620 478 2661 uidentur.
542 2621 652 2662 Nam
703 2625 908 2676 quoniam
954 2629 1128 2677 praeter
1161 2625 1411 2676 Homerum,
1458 2625 1529 2678 qui
1562 2637 1688 2666 suam
