1854 3017
900 202 943 233 58

211 297 399 338 tribuere
435 297 501 337 ille
536 297 712 342 studuit,
748 308 893 338 nonne
928 297 1071 337 maius
1106 297 1359 350 tui-piusque
1393 297 1522 338 simul
1555 297 1635 337 im-

211 365 375 417 putauit
414 365 636 417 flagitium,
672 365 788 417 quod
820 364 876 405 ab
910 365 1003 405 eius
1037 378 1124 417 qua
1157 365 1290 406 etiam
1324 370 1413 406 tum
1449 364 1634 406 florebat

209 435 457 475 sanctitatis
477 439 519 475 et
542 434 821 475 innocentiae
839 433 968 474 ualde
992 433 1199 475 abhorret
1224 434 1376 475 fama‘?
1409 434 1476 475 An
1500 434 1633 475 etiam

212 504 315 555 ipsi>=
351 502 530 543 Graecis
564 502 787 555 Aesopum
822 502 952 543 istum
986 515 1212 555 nunquam
1248 501 1395 550 fuisse,
1442 503 1485 543 id
1518 504 1634 556 quod

211 575 323 615 male
357 574 438 615 sibi
470 574 689 626 persuasit
722 573 992 615 Welckerus.
1044 575 1266 626 cognitum
1300 575 1392 626 fuit„
1444 579 1492 616 ut
1523 575 1635 615 iniu-

210 643 299 683 riae
336 642 446 683 illius
481 641 664 683 infamia
687 654 843 683 reuera
866 641 1050 683 liberum
1077 648 1275 684 maneret
1299 643 1510 696 Apollinis
1535 656 1635 684 ora-

210 712 383 752 culum?>
417 712 526 752 Tota
562 716 709 752 autem
744 711 1005 764 antiquitate
1040 712 1288 764 complures
1322 724 1419 754 esse
1453 712 1635 754 sacrile-

208 781 262 831 gii
298 779 396 820 talis
431 780 524 820 siue
559 780 649 820 iure
684 780 776 820 siue
810 780 968 821 iniuria
1001 785 1237 822 accusatos
1271 786 1313 822 et
1336 782 1569 822 damnatos
1593 785 1635 822 et

209 854 418 901 tanquam
453 848 632 900 uulgare
668 848 767 889 illud
804 848 936 889 fuisse
971 849 1137 890 crimen
1177 854 1218 890 et
1264 848 1480 902 frequens7
1530 848 1634 901 quid

210 918 366 957 mirum
402 921 467 957 est
502 917 541 960 in
578 916 647 957 illa
687 916 930 969 frequentia
952 930 1038 969 qua
1062 917 1242 958 oracula
1265 918 1398 958 etiam
1423 917 1635 969 antiquis-

208 986 329 1026 simis
364 985 632 1036 temporibus
674 986 833 1037 stipata
869 997 967 1026 esse
1002 990 1176 1026 constat
1217 985 1443 1026 hominum
1488 985 1634 1025 cuius-

208 1054 309 1093 libet
344 1054 514 1105 generis
528 1056 549 1093 ἱ)

300 1123 530 1163 Enimuero
574 1127 770 1174 tempore
813 1136 896 1175 quo
946 1122 1144 1175 Aesopus
1196 1123 1371 1175 Delphis
1420 1122 1636 1164 interierit

211 1192 277 1232 his
312 1192 416 1243 ipsis
450 1192 712 1232 testimoniis
747 1203 859 1244 quae
894 1203 999 1232 uera.
1023 1203 1120 1232 esse
1145 1204 1233 1232 non
1255 1191 1514 1243 negauimus
1540 1201 1634 1231 cer-

210 1265 300 1301 tum
336 1260 441 1300 nihil
474 1260 587 1301 inest
620 1260 842 1301 indicium.
900 1260 1048 1313 Itaque
1082 1261 1346 1301 coniecturis
1380 1259 1636 1312 relinquitur
1697 1275 1700 1278 >

209 1328 344 1369 locus.
379 1329 470 1369 Iam
506 1329 607 1381 ipsis
642 1328 862 1369 ueteribus
888 1327 1069 1369 Graecis
1105 1341 1158 1369 ne
1192 1329 1408 1369 curiosius
1443 1328 1633 1381 inquire-

210 1402 305 1438 rent
342 1398 381 1437 in
415 1397 579 1438 oraculi
616 1397 727 1437 illius
763 1410 944 1438 causam
981 1397 1186 1438 obstabat
1219 1397 1425 1437 nimirum
1459 1396 1630 1448 religio:

210 1466 337 1507 nobis
384 1478 489 1508 uero
533 1467 668 1507 missa
720 1467 802 1508 ista
845 1466 1143 1519 quaerendum
1188 1478 1284 1507 esse
1324 1477 1497 1515 censeo7
1547 1477 1633 1517 qua

209 1548 345 1575 causa
378 1535 653 1587 potissimum
691 1536 868 1576 saeculo
903 1536 1045 1577 medio
1080 1536 1229 1588 quinto
1269 1534 1371 1575 illud
1405 1533 1631 1576 oraculum

209 1604 391 1644 ediderit
409 1604 577 1656 Pythia,
613 1605 796 1657 quisque
832 1604 1152 1656 fueritDelphis
1176 1616 1321 1644 rerum
1356 1614 1493 1643 nexus
1517 1601 1632 1643 unde

210 1673 295 1712 tale
330 1672 553 1713 oraculum
590 1673 691 1713 oriri
728 1677 886 1724 posset.
941 1673 1082 1725 Atque
1116 1686 1199 1725 quo
1233 1677 1429 1724 tempore
1464 1670 1632 1712 fabula-

213 1753 305 1779 rum
341 1752 480 1791 paene
516 1741 852 1781 immoderatum
889 1741 1023 1781 fuisse
1056 1740 1350 1781 intelleximus
1393 1752 1534 1781 usum.
1585 1744 1631 1779 ut

209 1808 394 1849 fortasse
444 1809 560 1849 haud
606 1821 771 1860 paucos
814 1810 1041 1850 inuaderet
1087 1809 1347 1850 desiderium
1393 1820 1543 1849 earum
1578 1809 1631 1848 de

209 1877 372 1927 origine
406 1881 481 1917 aut
515 1877 740 1918 inuentore
775 1878 934 1918 certius
959 1878 1059 1931 quid
1095 1878 1414 1930 comperiendi:
1451 1889 1502 1918 eo
1536 1877 1631 1928 ipso

211 1949 247 1983 ut
297 1944 396 1985 illud
442 1946 668 1986 oraculum
714 1947 913 1987 ederetur
948 1951 1142 1998 tempore
1176 1959 1263 1986 non
1297 1958 1403 1986 vasu
1437 1957 1534 1986 esse
1570 1945 1632 1985 fa—

209 2017 325 2052 ctum
373 2014 437 2053 nel
485 2014 596 2054 adeo
645 2014 850 2055 instin‹·tu
886 2015 955 2055 illo
990 2015 1137 2056 diuino
1172 2019 1302 2067 atque
1336 2014 1500 2055 afflatu.
1554 2014 1630 2054 sed

211 2080 515 2133 Delphicoruni
563 2083 843 2123 sacerdotum
888 2096 988 2123 cura
1042 2087 1084 2123 et
1125 2082 1308 2124 consilio
1351 2081 1629 2134 perspicuum

209 2154 285 2189 est.
350 2150 565 2191 Nimirum
603 2155 646 2191 ut
679 2151 731 2190 de
766 2151 950 2192 aliorum
979 2152 1205 2192 hominum
1240 2151 1311 2204 qui
1336 2151 1508 2203 ingenio
1532 2150 1629 2191 aliis

208 2223 486 2267 praestarent
527 2217 644 2259 fama
687 2223 727 2259 et
774 2220 1036 2260 auctsmtate
1083 2220 1317 2261 excitanda
1351 2223 1426 2260 aut
1457 2218 1629 2271 peruul—

208 2287 351 2337 ganda
386 2287 441 2326 illi
478 2287 587 2328 bene
635 2288 774 2329 meriti
818 2287 976 2342 sunt1).
1027 2289 1084 2329 ita
1132 2288 1373 2329 fabularum
1420 2293 1627 2341 tanquam

208 2354 445 2405 principem
482 2368 534 2395 ac
569 2360 735 2406 patrem
783 2356 1001 2397 bominem
1051 2369 1147 2398 esse
1188 2357 1363 2397 nomine
1393 2356 1628 2409 Aesopum,

311 2465 332 2503 ¹)
360 2466 544 2500 l‘erlustra
573 2468 802 2501 oraculorum
832 2467 985 2501 indicem
1020 2480 1128 2511 quem
1155 2467 1313 2502 confecit
1339 2468 1565 2502 Hendessius
1592 2468 1627 2501 in

208 2521 294 2555 diss.
322 2522 403 2555 Hal.
434 2523 491 2556 W.
520 2524 649 2557 Afferri
678 2524 763 2558 licet
790 2527 979 2569 praeterea
1006 2537 1098 2569 quae
1126 2525 1169 2558 de
1196 2524 1406 2570 Terpandro
1433 2527 1630 2559 narrantur

208 2590 227 2610 a
255 2577 530 2612 Selineidewino
557 2580 600 2613 ad
631 2580 772 2614 Heracl.
800 2581 870 2625 pol.
897 2593 929 2626 p.
958 2583 1013 2618 51,
1041 2581 1084 2614 de.
1100 2581 1318 2616 Archilocho
1345 2593 1364 2615 a
1394 2580 1628 2615 Pie-colemini

211 2634 329 2667 Herm.
359 2634 475 2667 XVlll
505 2638 571 2670 2⁴37
600 2648 689 2680 sqq„
717 2637 760 2670 de
783 2637 991 2671 citharoeda
1013 2637 1169 2681 quodam
1188 2636 1393 2682 Sybaritico
1414 2637 1458 2671 ab
1477 2637 1629 2672 Aeliano

210 2701 240 2722 u.
269 2690 301 2723 b.
333 2691 376 2723 ΙΙΙ
407 2693 462 2726 42-3.
492 2691 533 2723 (lv
561 2692 713 2726 Thaleta
743 2706 760 2726 a
790 2693 986 2727 Plutarcho
1014 2694 1056 2727 (lo
1086 2706 1176 2727 mus.
1205 2695 1260 2728 42.
