1863 3043
901 147 945 182 83

214 246 490 287 discernendi
523 248 624 286 ante
657 245 855 286 instituta
872 245 984 286 ratio
1018 267 1087 295 -—,
1112 255 1224 297 quae
1256 248 1430 296 praeter
1464 248 1634 284 ceteras

213 314 300 355 sint
332 313 584 356 breuiculae
627 317 668 354 et
701 314 953 365 adstrictae,
997 313 1208 366 peculiari
1241 323 1350 353 uoce
1383 315 1636 363 nuncupent

213 382 497 437 Sybaritides.
563 382 760 435 Ipsarum
794 382 922 434 igitur
954 382 1312 436 Sybariticarum,
1347 392 1459 433 quae
1493 380 1634 433 spatio

213 452 342 504 uulgo
377 451 583 505 aequales
617 455 718 492 sunt
734 451 959 504 Aesopeis.
995 451 1212 493 excellunt
1244 450 1460 503 quaedam
1493 449 1635 490 breui-

214 525 318 572 tate,
353 533 463 574 quas
495 532 572 573 per
603 519 744 560 lusum
781 520 929 561 dixere
963 520 1141 573 quidam
1161 517 1478 573 Sybaritides1)
1512 517 1636 559 femi-

214 601 344 631 neam
376 593 588 642 tanquam
622 600 774 629 earum
808 588 1047 630 exilitatem
1080 589 1177 641 ipso
1195 588 1372 629 nomine
1405 588 1554 628 iocose
1578 587 1635 628 si-

213 657 470 710 gnificantes
519 661 560 698 et
603 656 799 698 uirilibus
833 658 958 710 quasi
993 661 1034 698 et
1064 656 1331 710 plenioribus
1364 659 1635 708 opponentes

213 723 363 774 μύθοις
395 724 666 779 Sybariticis.

303 793 365 834 Ex
398 794 600 835 omnibus
643 806 756 847 quae
799 794 886 834 dixi
920 795 1022 847 quid
1053 794 1267 835 redundat
1300 793 1356 834 ad
1389 790 1635 833 fabularum

214 861 484 904 Graecorum
527 863 935 916 antiquissimarum
981 863 1190 915 originem
1233 862 1277 902 in
1323 861 1508 902 clariore
1538 860 1636 902 luce

213 931 548 973 collocandam?
580 932 708 985 Nihil,
739 931 823 973 nisi
855 933 983 985 quod,
1016 936 1063 973 ut
1096 931 1332 985 aliquando
1366 929 1549 971 Athenis
1573 928 1637 970 fa-

212 998 414 1040 bularum
458 999 688 1041 cuiuslibet
719 1000 890 1052 generis
924 1000 1110 1042 obtinuit
1142 999 1345 1050 studium,
1395 998 1457 1039 ita
1490 997 1636 1038 multis

214 1068 342 1109 annis
376 1072 478 1109 ante
511 1067 669 1122 Sybari
703 1070 900 1110 studiose
933 1073 1139 1110 narratas
1172 1081 1270 1110 esse
1303 1066 1476 1109 fabulas
1510 1070 1553 1107 et
1581 1066 1636 1107 ab

213 1136 461 1178 hominibus
505 1149 556 1179 eo
604 1136 851 1191 frequenter
893 1137 1245 1180 commeantibus
1284 1137 1505 1189 dispersas
1540 1150 1637 1180 esse

213 1217 291 1258 per
324 1204 556 1248 Graeciam
591 1207 768 1248 nomine
811 1206 1126 1248 celeberrimae
1168 1206 1280 1247 illius
1313 1205 1432 1247 urbis
1465 1207 1638 1259 praedi-

212 1278 294 1316 tas.
359 1274 551 1316 Thurum
587 1276 772 1329 denique
805 1275 1056 1329 Sybaritani
1090 1275 1267 1316 Theone
1310 1278 1422 1316 teste
1463 1287 1488 1316 a
1529 1288 1637 1316 non-

210 1342 340 1384 nullis
360 1343 587 1384 laudatum
623 1356 720 1385 esse
743 1348 790 1384 ut
811 1345 1061 1394 ,uv30n0z623
1096 1355 1150 1384 ne
1182 1343 1310 1384 uanis
1333 1343 1636 1395 indulgeamus

213 1411 491 1463 coniecturis,
546 1423 923 1453 commemorasse
970 1412 1078 1452 satis
1129 1411 1270 1453 habeo
1318 1412 1514 1452 neutrius
1567 1425 1637 1453 me

213 1492 347 1521 ausus
389 1481 662 1522 committere
703 1481 947 1522 sententiae
990 1493 1120 1533 quam
1162 1480 1435 1533 protulerunt
1467 1481 1519 1522 de
1553 1481 1637 1522 hoc

215 1547 455 1590 Grauertus
490 1561 528 1601 p.
565 1549 615 1589 71
653 1554 696 1590 et
727 1548 933 1590 Kellerus-
957 1548 982 1589 l.
1017 1548 1041 1589 l.

302 1686 444 1728 Etiam
479 1687 565 1729 alia
598 1691 773 1728 exstant
804 1687 985 1728 nomina
1018 1698 1130 1739 quae
1165 1699 1264 1727 cum
1283 1686 1494 1739 Aesopeis
1518 1699 1638 1728 com-

216 1754 351 1796 mixta
383 1755 666 1796 inueniuntur
700 1754 858 1796 fabulis
893 1758 934 1795 et
973 1766 1114 1807 paene
1160 1754 1444 1807 despicienda
1476 1754 1521 1795 in
1553 1754 1637 1796 hac

214 1823 470 1876 quaestione
503 1823 864 1878 nobisquidentur
897 1823 981 1864 nisi
1014 1823 1120 1875 ipsis
1147 1834 1319 1876 quoque
1342 1821 1468 1864 abusi
1491 1826 1635 1863 essent

215 1891 297 1932 uiri
330 1892 459 1934 docti.
514 1892 808 1944 Diogenianus
842 1891 1015 1945 quidem
1048 1895 1223 1944 praeter
1255 1890 1479 1943 Aesopeas
1513 1890 1638 1944 Liby-

216 1973 292 2002 cas
326 1960 596 2015 Sybariticas
630 1960 759 2003 affert
792 1960 975 2002 Caricas
1009 1964 1052 2001 et
1085 1959 1269 2014 Cyprias
1307 1958 1493 2011 fabulas,
1527 1972 1637 2012 quas

216 2041 368 2071 omnes
402 2030 653 2072 nominibus
687 2029 785 2070 illas
819 2029 993 2083 quidem
1027 2028 1199 2070 differre
1232 2029 1309 2070 sed
1341 2039 1388 2069 re
1420 2027 1517 2080 ipsa
1540 2039 1638 2069 esse

216 2098 424 2151 aequales
458 2111 557 2141 eum
591 2098 796 2140 docuisse
829 2098 916 2139 iam
951 2098 1115 2139 dictum
1150 2101 1227 2139 est.
1272 2097 1465 2148 Quorum
1498 2096 1638 2138 nomi-

216 2178 318 2207 num
352 2179 580 2208 numerum
631 2167 752 2208 auxit
785 2166 934 2208 Theon
984 2166 1053 2207 his
1091 2164 1264 2215 Φρύγιοι
1296 2163 1483 2205 Κιλι’κιοι
1506 2162 1639 2213 Αἰγύ-

217 2247 339 2271 πτιοι.
373 2235 483 2277 Item
504 2239 662 2277 natura
681 2235 830 2276 omnia
862 2246 960 2276 esse
994 2246 1047 2276 ea
1079 2246 1241 2286 genera
1272 2233 1409 2286 paria,
1445 2245 1471 2273 a
1504 2231 1637 2273 uariis

216 2306 363 2344 autem
396 2303 530 2345 initiis
563 2304 791 2345 nominum
842 2303 1013 2356 cepisse
1055 2303 1344 2355 proprietates
1389 2299 1578 2342 affirmat
1593 2297 1636 2354 ²).

317 2425 342 2470 ¹)
368 2425 450 2460 Vox
488 2426 722 2461 substantiua
763 2426 846 2460 fem.
885 2437 967 2470 gen.
1008 2437 1095 2459 num
1130 2436 1223 2470 quae
1249 2424 1299 2459 sit
1325 2425 1446 2458 mente
1473 2422 1639 2457 addenda

218 2481 374 2526 ambigo.
423 2480 624 2516 Plurimum
651 2482 696 2517 ab
722 2481 779 2516 his
805 2481 1075 2527 Sybaritidibus
1101 2481 1238 2517 distare
1264 2482 1416 2526 apparet
1433 2491 1512 2514 eam
1530 2491 1638 2524 quam

218 2540 477 2572 commemorat
502 2537 657 2573 Ouidius
682 2537 779 2572 trist.
807 2538 840 2572 ΙΙ
867 2540 948 2574 417.

317 2593 345 2639 ²)
384 2594 477 2629 Eum
519 2607 600 2630 esse
638 2606 788 2630 sensum
830 2595 1025 2629 uerborum
1068 2594 1169 2629 illius
1211 2593 1361 2639 paulum
1403 2593 1639 2627 obscurorum

219 2650 350 2684 τούτων
377 2650 417 2683 δὲ
449 2651 595 2685 πάντων
620 2655 688 2697 μία
714 2653 785 2685 ἐστὶ
813 2653 904 2695 πρὸς
931 2651 1098 2693 ἀλλήλους
1125 2650 1302 2696 διαφορὰ,
1320 2654 1357 2684 τὸ
1377 2653 1640 2695 προςκείμενον
