1863 3043
834 195 878 229 39

143 292 303 340 πολλοῖς
324 291 403 344 γὰρ
435 287 513 344 ἤδη
543 291 681 342 γενεὰς
712 289 933 342 εἰςέρχεται
977 289 1093 341 (scil.
1128 287 1342 343 pecunia)
1391 286 1466 338 μὲν
1497 284 1571 326 αὔ-

143 359 237 401 τόσε
255 360 298 408 ἐξ
316 357 509 400 ἁπάντων
525 354 841 410 τῶνἙλλήνων,
871 355 1075 403 πολλάκις
1107 356 1150 395 δὲ
1179 355 1252 396 καί
1283 355 1326 394 ἐκ
1357 355 1438 394 τῶν
1466 356 1570 404 βαρ-

143 426 292 479 βάρων,
321 424 528 477 ἐξέρχεται
561 424 603 463 δὲ
623 421 839 477 οὐδαμόσε,
873 419 1163 473 ἀλλ’ἀτέχιιως
1193 421 1298 461 κατὰ
1328 421 1398 460 τόν
1426 418 1570 460 Αἰσώ-

143 511 224 534 που
250 495 405 546 μῦθον,
437 488 482 532 ὂν
517 487 539 544 ἢ
573 490 741 545 ἀλώπηξ
775 493 880 544 πρὸς
906 491 978 532 τόν
1007 489 1154 530 λέοντα
1186 483 1282 538 εἷπε,
1311 486 1386 527 καί
1414 487 1487 527 τοῦ
1515 487 1568 532 εἰς

142 561 440 611 Λακεδαιζιιονα
471 560 729 609 νομίσματος
757 558 833 609 μὲν
862 560 912 598 τά
940 555 1029 609 ἴχνη
1056 556 1106 596 τὰ
1136 557 1268 596 ἐκεῖσε
1307 552 1569 604 τετραμμένα

143 627 262 681 δῆλα,
293 626 472 675 ἐξιόντος
509 626 552 665 δὲ
583 623 744 680 οὐδαμῇ
775 621 824 664 1²2»
855 641 918 673 τις
951 624 1042 665 ἴδοι.
1090 625 1252 667 Alludit
1283 622 1480 677 profecto
1514 621 1569 662 ad

142 693 229 737 fab.
263 694 363 747 246,
397 707 584 748 eamque
616 695 660 735 in
694 695 1011 747 antiquissimis
1044 693 1295 736 habendam
1337 690 1567 745 probatur,

140 764 253 805 inter
285 774 438 805 omnes
477 767 640 814 autem,
691 775 876 816 quarum
923 763 1066 804 adhuc
1112 761 1298 813 uestigia
1340 758 1569 812 deprendi-

141 844 239 873 mus
272 831 389 884 apud
421 831 659 884 scriptores
694 829 900 882 Graecos,
936 831 1124 883 primum
1158 831 1201 871 in
1234 830 1319 871 hac
1353 828 1398 869 fit
1429 827 1568 869 leonis

142 899 318 941 mentio.

228 966 487 1010 Aristoteles
521 967 708 1020 denique
741 967 857 1020 quod
890 967 942 1008 de
978 965 1135 1008 fabulis
1168 966 1322 1008 nonin
1346 969 1442 1006 arte
1464 976 1568 1017 poe-

140 1037 230 1078 tica
261 1036 340 1078 sed
370 1036 416 1076 in
447 1036 695 1077 rhetoricae
728 1035 776 1086 II,
824 1034 882 1076 20
914 1036 1131 1085 disseruit,
1179 1034 1340 1076 summi
1380 1045 1478 1074 esse
1511 1033 1568 1073 ad

142 1116 294 1146 earum
337 1104 530 1146 indolem
573 1108 615 1145 et
648 1104 953 1145 condicionem
985 1108 1105 1145 recte
1138 1102 1440 1144 aestimandas
1474 1114 1568 1142 mo-

142 1172 277 1214 menti
310 1170 550 1214 Grauertus
582 1185 622 1224 p.
659 1172 679 1213 1
716 1173 810 1213 iure
843 1173 1047 1225 disputat.
1082 1172 1236 1225 Itaque
1268 1183 1323 1212 ne
1356 1170 1568 1211 Aristote-

140 1240 194 1283 lis
226 1241 402 1294 quidem
436 1245 582 1282 aetate
616 1239 788 1282 fabulas
822 1241 878 1282 ad
910 1241 1175 1282 ludicrorum
1216 1240 1430 1281 uilitatem
1462 1250 1568 1291 pue-

140 1309 421 1362 rulorumque
453 1309 556 1350 utile
590 1308 962 1350 oblectamentum
995 1308 1199 1361 delapsas
1223 1320 1320 1350 esse
1337 1306 1566 1360 praeclare

140 1376 196 1419 ab
228 1378 324 1430 ipso
357 1377 589 1418 indicatur.
656 1377 799 1419 Etiam
846 1377 963 1419 aliud
996 1378 1039 1418 in
1072 1377 1157 1419 hoc
1194 1376 1436 1418 Aristotelis
1468 1375 1566 1418 loco

139 1450 386 1488 memoratu
434 1446 574 1498 magis
621 1450 688 1487 est
736 1446 914 1497 dignum
963 1458 1095 1500 quam
1144 1446 1376 1499 quisquam
1420 1444 1566 1486 adhuc

139 1515 288 1556 sensit.
353 1514 524 1556 Etenim
568 1515 672 1568 quid
709 1515 765 1556 sit
798 1514 1023 1565 παραβολή
1058 1519 1105 1555 ut
1137 1514 1408 1556 demonstret
1439 1524 1567 1566 prae-

139 1583 278 1624 missa
319 1582 461 1625 obiter
502 1582 698 1625 Socratis
744 1583 966 1624 mentione
1007 1587 1157 1635 utpote
1199 1583 1243 1623 in
1276 1594 1329 1623 ea
1360 1593 1408 1623 re
1442 1580 1565 1631 clari,

138 1650 340 1704 exempla
371 1655 522 1693 tamen
554 1664 634 1693 sua
667 1652 803 1704 ipsius
837 1656 982 1693 mente
1006 1652 1255 1704 excogitata
1279 1650 1350 1692 ille
1373 1648 1563 1703 profert,

138 1720 216 1762 sed
248 1718 422 1762 fabulas
454 1733 543 1762 una
575 1733 675 1762 cum
710 1721 856 1762 causis
891 1725 933 1762 et
966 1720 1195 1762 euentibus
1226 1730 1464 1772 eorumque
1487 1730 1565 1759 no-

139 1789 343 1842 minibus,
378 1790 451 1844 qui
483 1790 567 1831 illis
599 1791 667 1831 usi
700 1795 813 1842 sunt,
848 1789 1025 1843 profert.
1090 1789 1158 1830 An
1190 1787 1429 1839 Aristoteli,
1464 1799 1565 1828 cum

137 1858 240 1912 quid
273 1862 391 1900 esset
423 1857 571 1900 fabula
603 1858 736 1899 uellet
768 1858 979 1911 exemplis
1013 1858 1256 1907 ostendere,
1292 1855 1467 1897 fabulae
1491 1855 1565 1896 de-

138 1925 324 1968 fuissent
366 1939 393 1968 a
438 1938 675 1967 causarum
722 1930 764 1968 et
805 1939 1096 1979 personarum
1129 1925 1351 1966 mentione
1383 1923 1562 1973 liberae,

137 1995 174 2036 si
218 1994 360 2036 nudas
402 1994 458 2036 ab
501 1994 584 2036 illis
626 1995 756 2037 rebus
790 2007 972 2037 narrare
1005 2000 1097 2036 tum
1133 1994 1267 2036 moris
1302 1991 1456 2034 fuisset
1489 1996 1566 2033 aut

136 2062 221 2104 hoc
254 2074 405 2104 earum
439 2062 594 2104 melius
629 2064 868 2105 conuenire
900 2067 1087 2105 naturae
1121 2067 1163 2104 et
1181 2061 1429 2104 condicioni
1463 2072 1564 2101 sen—

136 2129 301 2172 sisset‘.>
335 2129 540 2172 Ceterum
573 2131 676 2184 quia
709 2143 808 2172 cum
831 2131 1065 2184 plerisque,
1101 2143 1209 2184 quas
1236 2130 1440 2182 antiquas
1465 2140 1564 2170 esse

135 2199 423 2250 cognouimus
466 2197 651 2251 fabulas,
699 2203 792 2241 tam
826 2204 947 2241 arcte
997 2200 1205 2242 cohaeret
1247 2199 1338 2240 eius
1385 2208 1562 2248 nomen,

136 2265 210 2319 qui
240 2265 407 2318 primus
441 2278 494 2308 ea
525 2279 630 2324 usus
664 2271 742 2316 est,
777 2272 824 2309 ut
847 2268 1062 2321 scriptori,
1098 2267 1170 2321 qui
1192 2270 1291 2319 post
1312 2265 1431 2306 illum
1458 2277 1563 2306 ean-

136 2333 235 2375 dem
284 2333 475 2386 adhibet,
529 2346 670 2387 paene
718 2333 845 2376 nefas
893 2336 1094 2376 uideatur
1141 2334 1254 2376 illius
1301 2334 1486 2375 reticere
1521 2338 1564 2374 et

136 2413 297 2444 nomen
339 2406 382 2444 et
422 2415 598 2444 casum:
647 2403 766 2444 haud
808 2404 869 2444 ita
912 2403 1066 2445 crebro
1109 2417 1191 2444 usu
1224 2403 1428 2444 detritum
1463 2413 1563 2442 esse

136 2468 384 2512 fabularum
426 2482 561 2523 genus
605 2475 788 2524 excepto
830 2471 904 2513 illo
945 2476 1155 2524 tempore,
1206 2483 1291 2524 quo
1325 2470 1560 2512 Persarum

135 2537 249 2580 bello
281 2537 483 2580 confecto
515 2538 808 2581 Athenienses
843 2551 993 2581 earum
1028 2540 1231 2580 insanum
1264 2538 1443 2580 tenebat
1472 2541 1562 2578 stu-

137 2606 269 2658 dium,
301 2619 443 2661 neque
476 2607 715 2649 admodum
747 2607 961 2650 uilescere
993 2608 1188 2660 potuisse
1212 2611 1561 2649 consentaneum

137 2679 217 2727 est,
250 2675 458 2728 quamdiu
493 2676 685 2717 maxime
720 2674 946 2727 πολιτικαί,
980 2679 1028 2717 ut
1059 2687 1169 2718 uoce
1202 2679 1300 2717 utar
1333 2675 1469 2717 schol.
1505 2674 1562 2716 ad
