1854 3017
883 271 925 302 72

191 363 447 414 oppidorum
483 363 702 404 Thraciae
751 377 912 405 nomen
946 366 1055 406 satis
1090 370 1307 414 notorum,
1359 365 1615 407 alterutrum

190 430 284 482 quis
318 433 408 469 tum
445 430 641 471 Graecus
674 445 761 473 non
797 433 1008 474 intellexit
1041 434 1111 486 qui
1156 434 1197 474 id
1242 446 1402 475 nomen
1435 434 1614 475 audiuit.

190 498 447 549 praesertim
492 512 589 539 cum
636 500 851 542 Thracem
898 500 1031 543 fuisse
1065 502 1285 555 Aesopum
1331 503 1416 543 iam
1450 502 1617 544 Aristo-

188 566 284 607 telis
326 567 596 619 temporibus
645 568 869 620 inligatam
912 569 1047 611 fuisse
1091 571 1285 612 sciamus
1335 572 1616 624 opinionem?

190 635 391 688 Alioquin
424 637 540 688 apud
560 636 740 679 Suidam
775 651 929 680 omnes
963 651 1249 692 quaecunque
1282 641 1334 681 de
1358 640 1518 693 Aesopi
1541 654 1618 692 pa-

190 704 272 745 tria
315 704 738 747 cireumferebantur
784 708 1025 749 sententias
1067 713 1112 749 ut
1144 709 1315 750 uidetur
1349 721 1618 750 commemo-

191 778 361 814 rantem
397 774 751 827 antiquissimam
788 777 878 817 iure
910 777 1170 829 requireres,
1216 777 1476 818 Aristotelis.
1543 777 1616 819 Uel

191 842 275 882 hac
309 842 361 883 de
395 855 532 884 causa
568 844 749 885 uidesne
783 846 839 886 ad
873 845 1042 885 irritum
1076 845 1273 893 recidere
1292 844 1493 886 Grauerti
1527 845 1618 898 opi-

191 910 367 951 nionem
418 911 521 951 illud
567 909 908 964 Μεσημβριανόν
953 913 1200 964 significare
1249 913 1508 966 Aegyptium
1551 913 1617 955 uel

190 978 449 1032 Aethiopem
463 983 483 1019 ἱ)
533 980 677 1021 Tertio
710 980 809 1021 loco
842 981 1065 1033 Aesopum
1102 979 1302 1019 Κοτυαέα
1339 978 1488 1031 Φρύγα
1522 981 1618 1023 Sui-

190 1048 269 1088 das
302 1048 434 1088 tradit
467 1061 564 1090 esse
599 1049 810 1090 habitum.
846 1050 971 1091 Hanc
990 1050 1343 1102 uulgatissimam
1368 1049 1502 1091 fuisse
1526 1051 1618 1102 opi-

189 1116 366 1157 nionem
401 1116 596 1158 locorum
633 1117 910 1159 multitudine
944 1131 1052 1171 quos
1089 1117 1329 1160 Grauertus
1363 1132 1401 1170 p.
1437 1117 1493 1159 65
1528 1118 1618 1159 col-

191 1184 288 1236 legit
325 1185 693 1241 comprobatuffl).
739 1187 828 1228 Nec
863 1188 1033 1228 mirum.
1087 1187 1248 1242 Seruos
1283 1188 1397 1228 enim
1432 1200 1458 1228 a
1482 1186 1617 1228 Grae-

190 1254 252 1294 cis
287 1255 548 1306 saepissime
582 1256 804 1308 quaesitos
839 1269 936 1298 esse
971 1269 1023 1297 ex
1043 1256 1174 1297 Asiae
1198 1256 1380 1297 minoris
1415 1255 1615 1308 gentibus

191 1321 377 1363 Caribus
414 1323 541 1376 Lydis
566 1324 807 1378 Phrygibus
842 1326 1121 1367 notissimum
1156 1330 1221 1366 est
1253 1324 1324 1368 (ef.
1352 1324 1481 1366 Grau.
1508 1325 1531 1365 l.
1556 1323 1613 1378 L).

191 1389 380 1440 Quorum
417 1393 488 1444 qui
523 1393 841 1434 remotissimos
876 1398 914 1434 et
951 1394 1168 1434 maximos
1214 1392 1464 1434 incolebant
1510 1392 1616 1433 fines

191 1457 245 1498 ab
289 1459 355 1499 his
390 1459 549 1512 Aesopi
597 1461 775 1512 petitam
820 1473 918 1502 esse
947 1462 1169 1513 'originem
1205 1474 1349 1502 nonne
1383 1465 1617 1502 consenta-

192 1539 322 1567 neum
357 1532 454 1568 est?
501 1529 776 1582 Quamquam
813 1543 898 1571 uon
933 1532 1009 1583 ipsi
1048 1529 1205 1572 Graeci
1240 1535 1282 1571 et
1315 1542 1368 1571 ne
1402 1530 1618 1571 recentio-

191 1608 285 1635 rum
332 1597 506 1648 quidem
550 1599 778 1651 quisquam
825 1611 975 1640 secum
1020 1600 1063 1639 in
1107 1600 1190 1640 hac
1224 1611 1270 1640 re
1304 1602 1618 1650 reputauerunt

191 1670 293 1706 ante
339 1665 438 1719 Cyri
475 1671 686 1719 tempora.
739 1669 779 1708 id
813 1669 927 1721 quod
962 1669 1271 1709 animaduertit
1307 1667 1482 1708 Grotius
1515 1667 1614 1708 hist.

192 1732 345 1774 Graec.
389 1735 425 1775 11
471 1749 506 1786 p.
545 1736 626 1775 167
663 1749 774 1778 uei-s.
813 1737 970 1777 theod..
1022 1737 1213 1777 nondum
1250 1736 1616 1777 consueuisse

192 1802 383 1855 Phryges
417 1809 488 1844 aut
527 1805 666 1857 Lydos
702 1805 872 1846 Graeco
907 1806 1075 1846 seruire
1110 1805 1281 1857 populo.
1338 1805 1466 1857 Atqui
1500 1805 1616 1845 hanc

192 1871 382 1911 maxime
424 1873 479 1912 ad
527 1874 757 1914 ueritatem
803 1874 908 1914 mihi
954 1875 1167 1915 accedere
1215 1874 1385 1914 uidetur
1418 1877 1615 1914 ueterum

191 1939 337 1991 opinio
374 1945 601 1993 propterea
638 1944 752 1994 quod
786 1955 862 1995 per
894 1942 1118 1984 Maeandri
1156 1942 1330 1984 uallem.
1374 1953 1450 1994 per
1483 1954 1613 1994 quam

192 2008 330 2048 solam
383 2008 626 2050 fabularum
664 2011 855 2062 ipsarum
891 2023 1027 2063 genus
1063 2011 1105 2051 in
1139 2009 1371 2052 Graeciam
1407 2021 1615 2051 manasse

192 2077 540 2119 demonstratum
588 2083 665 2121 est.
717 2078 802 2119 alio
845 2079 988 2120 aditus
1030 2079 1170 2131 patuit
1202 2091 1420 2131 nusquam
1454 2078 1536 2118 nisi
1572 2077 1615 2117 in

192 2144 397 2198 Phryges.
436 2145 615 2199 Cotyaffi
666 2147 783 2188 illum
831 2152 997 2197 natum.v
1048 2148 1162 2200 quod
1208 2151 1319 2188 teste
1353 2146 1487 2188 Suida
1520 2147 1616 2199 qui-

192 2213 291 2253 dam
327 2215 699 2266 excogitauerunt.
744 2229 842 2256 cum
878 2216 995 2268 ipsas
1030 2228 1190 2257 causas
1224 2216 1472 2267 ignoremus
1507 2216 1614 2256 satis

194 2281 335 2323 habeo
372 2283 410 2322 in
448 2284 528 2324 tine
563 2283 1041 2325 commemorauisse'21.

193 2375 386 2410 Stiohlium
424 2377 514 2410 Phil.
544 2377 624 2410 Vll}
657 2378 738 2421 398)
765 2380 849 2411 antu
885 2377 1075 2411 Persarum
1103 2377 1195 2411 bellu
1224 2377 1338 2411 fuisse
1367 2376 1615 2422 unusquisque

193 2434 376 2467 concedet.
430 2434 553 2478 Neque
582 2434 694 2477 igitur
721 2434 751 2468 is
779 2435 821 2468 de
840 2436 985 2479 Aesopo
1013 2434 1134 2468 Samio
1162 2433 1357 2478 quicquam
1384 2433 1503 2478 potuit
1528 2433 1615 2467 scri-

194 2490 286 2525 bere.
314 2489 445 2535 quippe
473 2490 576 2524 cuius
603 2502 734 2524 nomen
761 2490 1003 2535 adfictamque
1030 2490 1174 2524 laudem
1200 2489 1237 2523 in
1265 2489 1343 2534 ipsa
1369 2489 1489 2524 insula
1516 2489 1615 2524 inno-

192 2544 307 2579 tuisse
335 2546 477 2579 demum
505 2558 599 2580 saec.
627 2546 745 2580 medio
772 2546 898 2590 quinto
926 2547 1216 2581 demonstratum
1244 2545 1347 2580 nobis
1373 2545 1432 2579 sit.

294 2601 317 2644 ¹)
345 2601 572 2646 Quamquam
600 2602 721 2647 oppidi
748 2602 864 2647 ipsius
885 2614 1016 2636 nomen
1036 2605 1160 2637 exstat
1177 2605 1369 2648 praeterea
1389 2602 1484 2647 apud
1503 2613 1614 2635 unum

194 2657 474 2692 Constantinum
505 2657 726 2703 porphyrog.
756 2659 799 2692 de
826 2659 994 2694 Themat.
1027 2660 1034 2692 Ι
1064 2663 1086 2695 4
1111 2671 1143 2704 p.
1173 2661 1226 2694 14.
1280 2659 1376 2692 [nter
1401 2658 1500 2692 locos
1528 2659 1615 2691 Gra-

194 2716 294 2747 uerto
321 2714 390 2748 huc
418 2714 590 2748 collectos
617 2714 782 2748 desidero
810 2716 1041 2760 prouerbium
1069 2716 1157 2750 illud
1183 2720 1322 2763 μᾶλλον
1348 2719 1365 2751 ὁ
1395 2718 1503 2762 Φρύξ.

290 2774 316 2813 ”-“)
346 2774 419 2807 Hoc
461 2773 708 2808 testimonium
749 2774 791 2808 ad
831 2775 1078 2809 Alexandrum
1119 2774 1387 2820 Poly-historem
1423 2774 1614 2819 Cotyaion-
