1863 3043
882 294 883 297 ,
934 286 947 295 ι
991 284 1003 293 ο
1041 285 1054 295 ι
1097 284 1109 293 ο
1148 285 1160 294 ι
1204 284 1216 293 u
1255 279 1587 297 ιιιιιιιι

590 334 628 390 ·.
776 333 840 390 ⁴».
882 314 1608 390 §ffisssszssssffitfflzssssz

769 698 1060 767 VITA.

203 933 496 1073 ffieorgius
522 972 655 1006 Felix
681 972 894 1007 Theodorus
921 972 1138 1007 Neubner
1163 975 1272 1006 natus
1291 972 1471 1006 Budissae
1489 971 1526 1005 in
1541 971 1628 1005 urbe

349 1029 521 1064 Lusatiae
548 1041 578 1063 a.
607 1029 638 1063 d.
667 1029 718 1062 IV
746 1029 820 1063 Cal.
848 1029 934 1063 Mai.
962 1029 1047 1064 anni
1074 1029 1108 1063 h.
1136 1041 1164 1063 s.
1192 1029 1308 1063 LXIV
1326 1033 1429 1074 patre
1455 1028 1628 1062 Eduardo

203 1097 311 1130 quem
347 1088 433 1120 ante
459 1085 526 1120 hos
563 1085 752 1120 duodecim
789 1097 904 1120 annos
942 1088 1176 1131 praematura
1203 1088 1320 1119 morte
1347 1088 1511 1130 ereptum
1538 1084 1628 1118 mihi

202 1142 311 1187 lugeo
345 1145 463 1177 matre
489 1142 692 1186 Margarita
719 1155 737 1177 e
765 1145 874 1187 gente
902 1142 1121 1177 Kirschiana
1160 1143 1275 1176 adhuc
1315 1142 1426 1176 uitale
1465 1141 1628 1187 carpenti

201 1199 326 1234 lumen
351 1199 436 1233 fidei
463 1199 631 1234 addictus
657 1199 859 1234 catholicae
885 1199 1014 1245 primis
1040 1199 1247 1233 litterarum
1273 1198 1493 1233 rudimentis
1514 1198 1628 1232 imbu-

202 1259 265 1291 tus
289 1255 432 1302 patriae
459 1255 495 1290 in
522 1255 607 1289 ludo
634 1255 695 1300 qui
723 1258 778 1290 est
805 1256 850 1290 ad
877 1256 1004 1290 aedem
1032 1255 1065 1290 S.
1093 1256 1195 1290 Petri
1229 1268 1322 1290 anno
1361 1255 1493 1290 aetatis
1520 1255 1628 1289 unde-

206 1312 300 1347 cimo
325 1316 497 1358 receptus
522 1312 619 1347 inter
646 1312 846 1358 discipulos
872 1313 1058 1358 gymnasii
1087 1313 1285 1348 Budissini.
1313 1313 1409 1357 quod
1435 1324 1454 1346 a
1474 1312 1627 1346 Kreuss-

204 1369 280 1405 lero
305 1372 385 1404 tum
410 1369 608 1414 regebatur
633 1369 712 1403 uiro
738 1381 969 1415 summopere
996 1369 1164 1404 omnibus
1191 1370 1399 1404 uenerando
1418 1372 1528 1414 atque
1553 1368 1628 1414 phi-

205 1425 363 1470 lologiae
388 1425 537 1462 lumine.
576 1425 780 1459 instructus
806 1429 888 1470 post
914 1425 1137 1460 nonennium
1164 1425 1391 1460 maturitatis
1416 1424 1627 1459 testimonio

211 1481 401 1517 ciuitatem
427 1482 582 1527 adeptus
608 1482 817 1515 academiae
831 1481 1033 1527 Lipsiensis
1058 1481 1280 1527 philologiae
1307 1481 1440 1516 studiis
1465 1493 1523 1515 me
1544 1481 1630 1515 dare

211 1539 315 1585 coepi
341 1542 377 1574 et
403 1550 517 1583 usque
543 1538 588 1572 ad
615 1539 710 1572 hunc
737 1538 833 1572 diem
860 1539 1107 1583 perseueraui.

303 1594 515 1630 Docuerunt
547 1607 604 1629 me
643 1595 712 1629 uiri
750 1595 994 1630 illustrissimi
1033 1599 1142 1640 atque
1181 1595 1384 1629 doctissimi
1419 1594 1567 1629 Curtius
1594 1598 1630 1629 et

206 1650 443 1686 Ecksteinius
475 1651 571 1686 tristi
608 1651 681 1685 iam
709 1652 826 1686 almae
853 1652 961 1686 matri
988 1654 1063 1686 fato
1091 1652 1217 1698 erepti,
1259 1652 1301 1686 de
1329 1652 1517 1686 Bahderus
1545 1651 1629 1685 Cru-

204 1708 283 1743 sius
310 1708 629 1743 Gardthausenius
655 1709 832 1743 Heinzius
867 1709 1152 1744 Hildebrandius
1189 1709 1335 1755 Lipsius
1374 1708 1428 1743 El.
1456 1709 1629 1754 Meyerus

137 1780 143 1786 ¹
206 1764 430 1801 Ribbeckius
457 1765 654 1800 Richterus
680 1765 960 1812 Struempellius
976 1766 1281 1801 NVachsmuthius
1302 1766 1505 1801 qundtius
1531 1766 1629 1800 Frid.

206 1821 418 1856 Zarnckius.
444 1822 515 1857 Per
533 1825 706 1867 quattuor
732 1823 924 1857 semestria
951 1823 1205 1869 proseminarii
1231 1823 1498 1869 philologorum
1525 1823 1627 1857 soda-

204 1878 251 1913 lis
276 1878 340 1913 fui.
367 1879 568 1913 Zarnekius
595 1878 701 1914 etde
722 1880 912 1914 Bahderus
932 1880 976 1914 ad
1004 1881 1288 1915 exercitationes
1302 1880 1512 1915 theodiscas
1529 1880 1627 1914 iden-

204 1934 317 1969 tidem
351 1946 408 1969 me
444 1935 670 1970 admiserunt
710 1935 907 1971 Richterus
934 1937 978 1971 ad
1005 1937 1284 1983 paedagogicas.
1329 1936 1514 1982 Imprimis
1540 1949 1626 1971 uero

205 1991 346 2035 gaudeo
372 1991 467 2035 quod
494 1991 685 2026 Ribbeckii
713 1996 748 2026 et
763 1993 1034 2028 Wachsmuthii
1062 1994 1318 2028 beneuolentia
1345 1995 1483 2028 factum
1511 1996 1626 2028 estut

204 2046 314 2082 huius
339 2059 403 2093 per
441 2047 510 2081 duo
546 2047 646 2082 illius
672 2061 736 2094 per
762 2049 833 2083 tria
860 2050 1052 2084 semestria
1089 2050 1329 2085 societatibus
1355 2049 1551 2095 philologis
1578 2050 1629 2084 in-

204 2105 379 2138 teressem
401 2103 537 2138 sodalis
564 2104 780 2140 ordinarius.
810 2105 925 2150 Igitur
945 2118 1026 2140 cum
1054 2107 1223 2141 omnibus
1242 2106 1542 2152 praeceptoribus
1568 2106 1627 2150 qui

207 2159 371 2194 doctrina
392 2172 448 2194 me
476 2161 645 2195 fouerunt
672 2165 749 2195 tuni
778 2161 977 2196 Ribbeckio
1001 2163 1356 2208 lYachsmuthioque
1383 2174 1446 2208 pro
1474 2163 1627 2197 summis

205 2214 243 2248 in
270 2226 328 2249 me
355 2217 497 2251 meritis
523 2218 664 2261 gratias
691 2230 758 2263 ago
786 2230 965 2264 agamque
992 2232 1101 2264 quam
1132 2221 1324 2255 maximas.

888 2424 943 2468 Ῡ

729 2453 1109 2601 Q&
