1863 3043
788 140 832 174 69

99 242 243 279 certus
284 238 463 280 daretur
504 239 630 292 quasi
662 239 866 291 princeps
900 242 942 278 et
975 242 1142 279 auctor.
1206 238 1421 279 Nimirum
1455 239 1519 279 ni-

99 305 159 346 hil
192 306 358 347 exstitit
389 318 474 359 quo
508 306 561 347 de
594 305 866 357 alienigenae
900 305 971 346 diu
1005 306 1252 358 interempti
1270 307 1413 359 patria
1445 312 1520 348 aut

98 374 352 428 propinquis
386 373 721 427 fabularumque
754 374 949 426 ipsarum
973 374 1139 426 origine
1162 375 1397 428 quicquam
1419 388 1520 428 pos-

99 447 166 484 set
229 443 390 484 certius
452 442 699 495 comperiri.
764 442 950 483 Iadmon
1012 447 1164 483 tamen
1217 442 1392 484 Samius
1447 444 1517 484 aui

98 511 163 551 sui
196 521 371 552 seruum
406 509 540 551 fuisse
573 510 749 551 nomine
782 510 1004 562 Aesopum
1038 510 1182 551 allatis
1217 510 1404 552 fortasse
1426 512 1518 553 ido-

97 577 190 619 neis
243 578 416 619 indiciis
468 578 771 620 sacerdotibus
825 577 1096 631 comprobat.
1162 578 1409 620 Incolarum
1457 579 1517 620 illi

95 646 243 699 inopia
275 651 318 688 et
351 646 537 688 fortasse
571 647 700 688 minis
733 647 874 699 pressi
916 646 1019 687 huic
1052 647 1286 699 pecuniam
1320 648 1516 698 soluunt;

97 727 183 768 quo
216 713 334 756 facto
366 715 437 756 hic
469 715 657 767 gloriose
689 715 946 767 praedicare
980 715 1124 767 coepit
1141 715 1363 767 Aesopum
1397 716 1518 757 fabu-

95 782 281 824 latorem
315 783 428 824 inter
462 784 531 825 aui
566 796 654 824 una
689 796 787 824 cum
824 783 1077 835 Rhodopide
1112 782 1246 824 fuisse
1279 795 1444 825 seruos.

186 918 370 970 Quantis
404 919 594 961 tenebris
627 919 817 961 obducta
841 920 1047 961 Herodoti
1071 920 1127 960 sit
1148 921 1342 961 narratio
1366 933 1518 974 quam-

96 999 180 1041 que
214 988 383 1029 incerta
417 993 457 1029 et
491 988 649 1040 exigua
691 988 743 1029 de
778 986 953 1029 fabulae
987 993 1028 1029 et
1060 988 1221 1040 Aesopi
1255 989 1420 1040 origine
1453 988 1518 1030 fu—

97 1056 178 1097 erit
210 1056 461 1110 aequalium
495 1057 684 1108 cognitio
718 1056 853 1097 uides.
890 1056 1000 1097 Hinc
1033 1056 1136 1109 quid
1159 1057 1517 1109 aposterioribus

96 1124 255 1166 debeat
298 1125 545 1178 exspectari
578 1124 878 1177 scriptoribus,
929 1125 1001 1178 qui
1034 1137 1120 1177 quo
1167 1126 1306 1177 magis
1355 1125 1519 1167 absunt

97 1192 153 1235 ab
184 1192 345 1245 Aesopi
387 1196 430 1234 et
472 1193 606 1245 ipsius
641 1193 847 1235 Herodoti
882 1197 1041 1234 aetate.
1087 1205 1139 1234 eo
1173 1194 1312 1245 magis
1346 1207 1372 1235 a
1405 1187 1518 1236 ueri-

94 1265 186 1303 tate
229 1261 489 1302 discessisse
536 1266 578 1302 et
625 1260 992 1303 hariolationibus
1040 1273 1087 1302 se
1120 1261 1294 1303 dedisse
1336 1263 1517 1314 putandi

95 1333 209 1375 sunt.
243 1329 395 1370 nescio
428 1341 485 1370 an
512 1341 627 1369 nunc
653 1328 780 1370 facile
803 1330 1067 1381 assequaris.
1104 1328 1189 1371 Sed
1207 1331 1515 1382 experiendum

94 1398 129 1439 si
164 1398 267 1451 quid
299 1409 353 1438 ex
386 1398 674 1449 posteriorum
698 1402 943 1449 temporum
966 1397 1250 1450 scriptoribus
1274 1399 1326 1439 de
1344 1398 1516 1451 Aesopo

97 1465 430 1518 fabularumque
463 1465 630 1517 origine
664 1470 706 1506 et
739 1465 997 1507 condicione
1031 1470 1198 1506 certum
1223 1466 1382 1508 lucrari
1416 1479 1516 1519 pos—

96 1534 233 1575 simus
281 1533 577 1575 testimonium
621 1537 855 1586 ceteraque
901 1534 956 1574 ad
1002 1546 1128 1574 suum
1174 1534 1270 1575 fidei
1303 1546 1516 1576 reuocare

95 1603 284 1644 modum.
339 1601 505 1653 Quibus
539 1600 741 1642 omnibus
779 1601 874 1653 plus
909 1602 1021 1642 iusto
1055 1600 1299 1642 tribuerunt
1331 1601 1429 1643 fidei
1462 1615 1514 1643 ac

91 1671 297 1724 ponderis
336 1671 417 1712 uiri
461 1670 576 1711 docti
621 1674 750 1722 atque
785 1670 896 1711 adeo
929 1670 999 1710 hic
1033 1669 1120 1710 illic
1157 1671 1206 1711 iis
1240 1675 1341 1711 sunt
1374 1669 1512 1712 abusi.

91 1739 187 1790 Quo
220 1738 384 1780 factum
419 1743 485 1780 est
517 1744 562 1779 ut
594 1751 706 1792 quae
739 1738 969 1791 aliquoties
1004 1738 1233 1779 moderata
1267 1743 1309 1779 et
1341 1739 1515 1780 sincera

92 1811 140 1848 ut
170 1820 251 1860 par
283 1811 377 1848 erat
409 1807 673 1858 cogitatione
718 1807 805 1848 iam
853 1807 1045 1848 assecuti
1086 1811 1183 1847 sunt
1231 1819 1343 1847 sana
1385 1811 1515 1860 atque

92 1879 214 1916 certa
247 1875 418 1916 illorum
454 1875 680 1916 interiecta
715 1875 978 1916 auctoritate
1012 1875 1160 1915 statim
1195 1876 1257 1915 ita
1288 1874 1515 1926 perturba-

92 1948 201 1993 rent,
235 1949 282 1985 ut
312 1944 461 1985 omnia
494 1944 605 1984 sicut
638 1948 769 1985 antea
803 1944 976 1985 hiarent
1009 1944 1177 1997 ipsique
1208 1947 1347 1985 totam
1381 1956 1514 1996 quae-

92 2012 280 2054 stionem
315 2012 351 2053 si
386 2025 471 2053 non
506 2012 791 2065 desperantes
826 2017 869 2053 at
904 2017 1021 2054 certe
1054 2023 1194 2064 paene
1228 2011 1334 2052 nihil
1358 2011 1513 2053 lucrati

93 2080 399 2133 relinquerent.

181 2149 488 2202 Aristophanis
522 2162 590 2191 au.
623 2163 693 2190 uu.
730 2150 812 2190 471
849 2163 912 2202 sq.
948 2155 988 2191 et
1023 2150 1077 2190 ib.
1113 2149 1195 2190 651
1232 2154 1274 2190 et
1296 2161 1392 2201 pac.
1430 2149 1512 2190 129

93 2217 153 2258 ita
185 2217 366 2269 urgebat
399 2217 756 2269 Landsbergerus
791 2217 814 2257 l.
852 2217 875 2258 l.
910 2231 948 2269 p.
986 2216 1038 2259 CI
1082 2231 1190 2271 sqq„
1240 2222 1286 2258 ut
1331 2217 1512 2258 adscitis

93 2283 201 2325 Plat.
221 2284 382 2326 Phaed.
415 2298 454 2337 p.
489 2284 592 2326 60C
626 2290 667 2326 et
700 2285 803 2326 61Β
836 2285 923 2326 iam
958 2285 1071 2326 illius
1096 2290 1241 2326 aetate
1267 2284 1511 2326 fabularum

94 2351 149 2392 ab
182 2352 355 2406 Aesopo
388 2353 671 2395 collectarum
707 2353 861 2394 librum
897 2351 1078 2395 Graecis
1112 2354 1403 2406 suppetiuisse
1426 2352 1512 2395 for-

92 2420 192 2461 titer
223 2419 474 2462 affirmaret.
529 2421 616 2464 Sed
648 2426 780 2462 antea
813 2422 1096 2473 Wagenerus.
1137 2433 1267 2475 quem
1299 2421 1370 2463 ille
1402 2422 1512 2463 iniu-

92 2487 158 2529 ria
190 2488 472 2541 impugnauit‚
508 2503 680 2532 summo
714 2490 805 2531 iure
839 2490 1107 2531 contrariam
1126 2489 1381 2532 defenderat
1413 2502 1512 2532 sen-

93 2556 276 2597 tentiam
310 2557 334 2598 Ι,
370 2557 393 2598 l.
430 2571 468 2610 p.
506 2557 572 2607 12.
608 2558 732 2599 cuius
767 2562 1122 2610 argumentorum
1157 2558 1330 2610 copiam
1353 2557 1511 2611 proba-

92 2621 243 2664 bilium
283 2624 370 2665 iam
406 2638 443 2676 p.
479 2624 534 2666 43
569 2624 694 2666 nobis
728 2637 888 2677 augere
922 2638 1009 2667 non
1042 2625 1232 2667 alienum
1265 2625 1508 2667 uidebatur.
