1863 3043
897 162 942 195 85

208 273 292 302 nae
324 264 454 307 esset,
504 273 590 316 quo
633 262 845 303 maiorem
879 261 990 301 mira
1022 258 1095 300 illa
1128 261 1170 299 et
1202 257 1400 299 inaudita
1434 269 1503 298 res
1538 257 1630 298 adi-

207 327 449 381 pisceretur
480 327 626 369 fidem:
663 327 869 369 facillime
903 325 1068 368 factum
1103 337 1200 367 esse
1225 325 1442 367 contendo
1464 329 1511 366 ut
1536 337 1629 366 ma-

206 411 316 451 gnus
348 398 418 440 ille
451 399 565 452 apud
598 400 817 440 neminem
850 398 1021 440 illorum
1054 397 1278 438 rhetorum
1312 396 1394 437 sibi
1418 400 1628 438 constans

207 479 415 508 numerus
448 467 655 509 euaderet
687 468 927 519 nominum,
978 478 1090 520 quae
1122 477 1262 519 neque
1296 465 1474 518 originis
1508 465 1630 506 inue-

207 535 395 577 niendae
436 548 578 589 neque
619 537 789 588 generis
833 535 1066 589 peculiaris
1118 533 1362 576 fabularum
1408 534 1628 576 statuendi

207 603 540 646 describendiue
572 604 684 646 ullas
718 605 823 646 dare
855 608 1037 658 possunt
1073 616 1222 646 ansas.

294 707 350 749 At
381 706 591 758 KeIIerus,
627 707 698 760 qui
731 711 835 760 quot
867 707 1048 748 nomina
1089 706 1313 747 rhetorum
1347 705 1518 747 illorum
1553 707 1628 748 do-

207 775 347 817 ctrina
380 775 494 816 male
528 779 743 817 concocta
776 775 816 816 ei
849 774 1158 828 suppeditabat
1189 778 1253 816 tot
1276 773 1524 815 fabularum
1557 787 1629 827 ge-

205 855 312 885 nera
335 856 432 885 esse
454 844 606 885 statuit
628 848 669 884 et
691 844 829 884 iustos
853 842 1240 884 commentariolos
1271 843 1323 884 de
1347 856 1433 884 uno
1457 855 1628 896 quoque

206 911 396 954 confecit
427 924 635 964 generum
669 924 861 962 suorum,
906 911 1009 964 quin
1043 909 1290 952 fabularum
1325 911 1457 952 etiam
1492 911 1628 965 Phry-

205 981 401 1032 gicarum
442 981 599 1022 librum
643 981 686 1022 in
728 979 960 1023 Graeciam
1004 980 1236 1021 deuenisse
1271 980 1554 1021 contenderet
1586 993 1625 1032 p.

205 1051 293 1094 360
323 1066 411 1095 non
443 1057 616 1106 poterat
637 1053 826 1094 retineri.
861 1052 944 1094 Per
972 1056 1111 1094 totam
1133 1065 1263 1105 porro
1286 1052 1466 1106 Lydiam
1492 1051 1627 1106 Phry-

205 1121 348 1173 gicam
391 1122 521 1163 istam
565 1122 758 1175 speciem
790 1125 1047 1174 penetrasse
1080 1121 1124 1161 in
1160 1119 1394 1162 Graeciam
1428 1121 1463 1162 is
1499 1121 1627 1165 facile

203 1193 375 1243 poterat
406 1190 613 1241 iudicare,
649 1189 874 1242 diligenter
907 1190 975 1243 qui
1010 1202 1098 1230 non
1130 1189 1325 1242 ipsarum
1356 1188 1624 1232 Graecarum

205 1258 431 1311 indagauit
472 1259 657 1311 uestigia
700 1263 741 1300 et
785 1258 1019 1312 Lydiarum
1054 1257 1313 1309 fabularum,
1365 1272 1474 1312 quas
1508 1259 1626 1301 solus

204 1326 401 1369 laudauit
433 1327 623 1369 Theonis
657 1327 898 1369 scholiasta
931 1339 1191 1380 anonmeS,
1237 1327 1429 1380 aliquam
1464 1328 1626 1370 auebat

204 1395 395 1448 reperire
427 1396 665 1446 rationem3
700 1395 964 1447 singularem
998 1395 1079 1436 has
1113 1406 1210 1436 esse
1245 1393 1493 1437 fabularum
1527 1409 1625 1450 spe-

205 1463 317 1505 eiem
351 1463 616 1505 contendere
649 1463 807 1504 mirum
841 1467 1051 1516 quantum
1085 1475 1218 1504 ausus
1251 1475 1338 1504 non
1373 1468 1449 1505 est.

293 1557 551 1610 Diogeniani
596 1568 701 1599 uero
742 1557 879 1599 uerba
925 1556 1108 1606 Καρικός
1142 1556 1186 1595 δὲ
1220 1551 1334 1603 αἶνος
1366 1560 1544 1607 λέγεται,
1579 1555 1624 1598 ὂν

202 1623 486 1676 ἀναφέρουσιν
517 1624 574 1671 εἰς
602 1625 706 1674 γένη
727 1625 852 1674 Κᾶρα
876 1620 1024 1674 ἄνδρων
1055 1624 1201 1662 τοῦτον
1223 1623 1304 1674 γὰρ
1329 1622 1449 1663 ἁλιέα
1474 1626 1624 1677 τυγχά-

202 1706 321 1730 νοντα
348 1692 554 1741 χειμῶνος
579 1694 664 1744 κτλ,
696 1691 850 1745 quibus
884 1697 1055 1734 tantum
1078 1705 1212 1734 unam
1238 1693 1353 1734 hanc
1374 1695 1624 1736 narratiun-

200 1758 344 1800 culam
377 1759 729 1812 antiquissimam
762 1760 997 1802 Simonidis
1017 1760 1093 1802 Cei
1127 1765 1169 1802 et
1201 1761 1521 1804 Timocreontis
1545 1775 1625 1804 au-

201 1827 402 1869 ctoritate
435 1827 709 1870 nobilitatam
745 1827 902 1870 fabulis
936 1841 1043 1870 sane
1077 1829 1297 1882 disparem
1331 1829 1536 1872 Caricam
1571 1843 1623 1872 ea

200 1907 286 1948 qua
318 1895 481 1937 dictum
515 1901 580 1937 est
613 1909 748 1938 causa
782 1897 991 1950 appellari
1010 1897 1293 1939 consueuisse
1317 1898 1414 1939 elici
1438 1903 1619 1951 oportet,

199 1961 265 2005 Ot.
299 1963 530 2006 Muellerus
564 1965 625 2006 ita
657 1964 852 2017 urgebat,
903 1970 948 2008 ut
980 1966 1078 2007 hist.
1123 1965 1200 2007 litt.
1237 1964 1307 2008 Gr.
1343 1966 1357 2007 I
1392 1964 1504 2008 258²
1538 1967 1622 2010 Ca-

199 2031 391 2073 ricarum
431 2033 652 2085 peculiare
691 2034 910 2075 exstitisse
943 2046 1078 2086 genus
1113 2033 1358 2076 fabularum
1399 2039 1519 2078 ratus
1554 2037 1620 2079 his

200 2111 350 2141 earum
384 2105 585 2142 naturam
622 2102 890 2143 confidenter
922 2102 1209 2144 describeret:
1245 2103 1440 2156 dagegen
1471 2118 1621 2147 waren

199 2167 268 2209 die
300 2168 534 2210 karischen
568 2168 713 2211 fabeln
747 2183 826 2212 aus
860 2171 958 2212 dem
993 2171 1325 2213 menschlichen
1359 2172 1485 2214 leben
1528 2178 1621 2215 ent-

198 2248 415 2278 nommen.
479 2237 603 2279 quta
640 2238 752 2280 haec
784 2239 1001 2292 extemplo
1034 2252 1196 2292 ponere
1229 2241 1352 2281 iuuat
1388 2240 1543 2283 Kelleri
1576 2242 1619 2283 in

197 2316 328 2357 quam
360 2305 638 2347 alienissimis
661 2307 839 2348 adscitis
858 2307 987 2349 rebus
1027 2308 1134 2349 abiit
1171 2322 1210 2361 p.
1236 2308 1321 2349 362
1347 2309 1617 2361 opinionem:

197 2377 323 2414 unter
354 2374 437 2415 den
471 2374 703 2416 karischen
725 2374 869 2417 fabeln
891 2376 967 2418 hat
990 2390 1094 2418 man
1116 2377 1224 2428 sich,
1259 2377 1341 2417 wie
1363 2389 1409 2419 es
1433 2378 1617 2430 scheint‚

198 2439 341 2491 kurze,
375 2442 552 2495 pikante
586 2443 907 2497 erzaehlungen
939 2458 1025 2487 von
1057 2446 1207 2496 fieren,
1243 2446 1371 2487 meist
1390 2445 1620 2488 fischerfa-

198 2507 296 2549 beln
329 2509 374 2564 (l)
408 2523 492 2552 von
534 2510 595 2553 oft
629 2511 1020 2555 altertuemlichem
1064 2514 1299 2555 charakter
1345 2527 1397 2556 zu
1431 2515 1616 2557 denken.

196 2576 357 2620 Suidae
388 2579 524 2621 uerba
556 2594 589 2621 s.
614 2593 654 2622 u.
695 2580 861 2633 Καρικῇ
893 2580 1043 2635 μούσῃ,
1068 2594 1179 2636 quae
1202 2583 1508 2636 intempestiue
1532 2584 1617 2625 huc

196 2645 321 2687 affert
352 2647 560 2699 Kellerus,
609 2648 694 2690 huc
734 2649 839 2690 nihil
878 2651 1094 2702 pertinere
1140 2655 1290 2704 utpote
1323 2652 1379 2692 ad
1413 2652 1616 2704 lugubres
