1854 3017
935 90 980 122 44

245 186 452 227 collectas
501 190 537 226 et
587 185 627 225 in
670 184 837 226 libellos
885 189 1117 237 congestas
1153 184 1323 226 fabulas
1358 190 1399 227 et
1432 197 1666 238 puerorum

246 254 447 296 manibus
476 254 659 295 traditas
694 258 733 295 et
766 253 968 306 politicas
1001 266 1097 296 esse
1131 254 1314 295 desiisse
1348 259 1503 307 sponte
1535 259 1666 308 patet.

245 323 330 366 Sed
363 323 570 376 quoniam
605 327 695 363 tam
718 334 820 363 acre
845 322 1010 363 exstitit
1033 323 1223 363 studium
1248 323 1455 364 Demetrii
1479 323 1667 365 Phaedri

246 391 392 432 Babrii
426 391 611 432 aliorum
633 389 675 445 ยน).
710 395 756 431 ut
790 389 977 441 fabulae,
1012 391 1302 444 undecunque
1324 395 1538 444 poterant,
1574 403 1669 433 cor-

245 460 502 501 raderentur
534 472 587 501 ac
612 472 750 500 nouas
766 459 887 500 &uires
909 471 1102 512 opesque
1120 459 1291 501 illorum
1316 459 1510 500 uirorum
1533 471 1666 512 opera

248 533 458 581 tanquam
509 541 585 580 per
635 528 723 569 uim
773 527 946 568 additas
1005 539 1103 569 esse
1152 539 1303 569 earum
1351 528 1498 579 generi
1529 539 1671 580 paene

246 601 442 638 emortuo
477 600 669 638 constet:
720 607 774 637 ne
813 608 1028 637 nouorum
1071 600 1319 656 temporum
1354 595 1667 648 contemplatio

245 665 449 706 obscuret
482 669 555 706 aut
590 663 813 716 perturbet
835 665 1080 716 priscorum
1114 664 1362 716 imaginem,
1398 664 1485 705 iarn
1525 663 1667 705 subsi-

246 733 447 773 stendum
482 732 607 774 nobis
642 733 712 773 hic
747 736 814 773 est
836 733 1045 785 temporis
1068 733 1176 774 satis
1211 745 1369 785 magno
1402 733 1543 785 spatio
1572 744 1670 785 per-

245 813 373 841 curso
406 801 462 842 ad
495 800 768 852 indagandas
803 801 1209 853 antiquissimarum
1257 800 1505 843 fabularum
1554 802 1670 854 apud

247 867 439 910 Graecos
474 869 684 920 originem
720 869 1126 922 condicionemque.

346 992 369 1037 1>
396 992 503 1026 Haud
529 1003 664 1038 paucos
690 991 806 1038 ipsius
834 992 957 1027 Babrii
985 993 1151 1038 exemplo
1179 992 1361 1027 excitatos
1387 1003 1478 1031 esse.
1505 994 1547 1026 ut
1564 991 1664 1026 fabu-

244 1050 300 1084 las
334 1049 592 1094 conquirerent
626 1049 859 1094 carmineque
898 1050 1091 1084 redderent
1124 1062 1169 1084 ex
1204 1049 1304 1084 illius
1331 1050 1483 1095 apparet
1508 1060 1668 1095 prooem.

246 1106 307 1141 ait.
336 1118 394 1140 uu.
423 1107 443 1141 9
470 1117 548 1151 sqq.
