1863 3043
787 199 830 231 47

99 297 142 336 et
173 293 218 335 in
249 292 355 335 Asia
388 298 430 335 et
462 294 506 334 in
529 292 690 335 Africa.
726 293 777 335 Et
800 293 986 347 Lybicas
1024 293 1200 347 quidem
1243 292 1414 335 fabulas
1447 307 1523 347 ge-

96 363 254 404 nuinas
272 373 370 404 esse
387 361 614 415 Aesopias,
649 366 860 414 cognatas
882 362 1172 416 Aegyptiacas
1205 362 1324 415 ipsas
1349 376 1522 417 quoque

97 430 272 484 Aesopo
304 429 490 471 tributas
524 430 710 471 euicisse
743 442 812 471 me
845 434 970 482 puto:
1016 431 1131 483 apud
1163 429 1319 484 Libyes
1353 430 1522 474 fabula—

97 511 194 540 rum
235 498 430 539 inuentio
472 497 657 538 immani
701 502 866 550 quanta
910 496 1101 539 ferorum
1134 498 1260 539 uaria
1293 511 1345 539 ac
1379 499 1522 541 multi-

97 566 198 620 plici
243 566 371 619 copia
415 564 719 616 adiuuabatur‚
770 565 885 618 apud
925 565 1160 620 Aegyptios
1202 567 1519 621 hieroglyphi53

97 646 150 676 ac
192 632 339 675 facere
382 633 468 674 huc
509 633 744 674 uideantur
784 634 965 675 nomina
1007 632 1213 681 Αἴσωπος
1259 639 1300 676 et
1342 633 1520 685 Μεσημ-

96 699 323 756 βριηνόςῑ).
357 702 519 744 Verum
551 706 700 743 tamen
717 702 970 755 ponderatis
997 702 1166 744 cunctis
1184 716 1315 756 quam
1337 715 1521 744 accura-

94 769 265 812 tissimo
297 770 457 812 iudicio
495 770 675 823 perduci
721 782 772 812 eo
815 769 973 811 debere
1015 771 1123 811 mihi
1165 771 1329 825 uideor,
1375 775 1422 812 ut
1467 783 1520 812 ex

94 837 201 880 Asia
232 851 321 880 non
353 850 407 880 ex
438 837 588 880 Africa
620 838 831 890 originem
867 837 1125 880 fabulatoris
1148 840 1387 892 repetam.“
1420 839 1519 881 Hoc

95 905 355 959 quantillum
401 913 467 948 est
509 910 552 947 et
596 906 640 946 in
682 905 767 947 hoc
810 918 942 959 quam
985 907 1092 947 nihil
1137 908 1244 948 certi
1285 919 1340 949 ne
1373 908 1519 949 dicam

93 974 210 1015 sani!
255 974 441 1017 Seruum
483 975 527 1015 in
576 973 809 1015 Graeciam
856 974 1113 1027 deportasse
1146 987 1251 1016 num
1285 976 1518 1016 credamus

95 1041 281 1094 fabulas,
316 1042 472 1097 quibus
505 1042 648 1084 nullos
680 1055 785 1084 usos
819 1055 916 1084 esse
949 1043 1138 1084 uidimus
1172 1044 1256 1085 nisi
1279 1044 1519 1085 eruditissi-

94 1122 191 1152 mos
223 1122 418 1164 quosque
452 1115 582 1164 atque
616 1111 727 1152 adeo
760 1110 1060 1152 nobilissimos
1103 1112 1159 1152 ad
1204 1112 1388 1165 quoduis
1420 1124 1518 1165 per-

93 1190 270 1220 uersum
315 1179 359 1219 in
400 1178 624 1231 republica
669 1179 898 1220 consilium
942 1183 1018 1220 aut
1048 1192 1210 1232 prauos
1244 1192 1388 1222 mores
1421 1192 1518 1233 per-

93 1247 378 1299 stringenda?
411 1247 463 1288 Et
494 1247 659 1288 uixisse
693 1247 825 1288 istum
860 1259 914 1288 ea
948 1251 1105 1299 aetate,
1148 1261 1234 1301 qua
1267 1261 1407 1302 neque
1439 1262 1517 1291 no-

92 1327 173 1356 uas
206 1315 426 1356 exstitisse
460 1306 632 1356 fabulas
665 1315 779 1356 inter
812 1314 1005 1357 Graecos
1039 1328 1180 1369 neque
1214 1317 1405 1358 maxime
1440 1316 1517 1359 flo-

91 1383 232 1424 ruisse
264 1395 405 1436 neque
437 1383 482 1424 in
515 1395 666 1424 earum
700 1384 871 1424 ratione
905 1388 981 1425 aut
1004 1385 1263 1426 condicione
1281 1386 1516 1439 quicquam

92 1455 411 1492 commutatum
455 1463 553 1493 esse
587 1456 770 1501 constet⁷
819 1453 969 1505 ecquis
1003 1453 1234 1506 opinetur?
1282 1454 1407 1505 Quod
1440 1467 1517 1496 au-

91 1524 179 1561 tem
230 1518 476 1561 fabularum
517 1519 786 1562 Graecorum
831 1522 1043 1573 originem
1086 1523 1371 1575 repetendam
1417 1534 1516 1564 esse

91 1588 163 1629 uel
196 1600 250 1629 ex
281 1589 389 1630 Asia
421 1588 492 1630 uel
525 1600 578 1629 ex
610 1587 760 1630 Africa
793 1588 863 1630 ille
897 1590 1014 1641 dicit,
1065 1591 1221 1644 ecquid
1256 1591 1357 1632 fecit
1389 1604 1514 1644 prae-

92 1656 274 1708 clarum,
309 1669 409 1698 cum
442 1656 572 1698 latius
605 1662 756 1709 patere
789 1658 862 1698 uix
894 1659 1033 1710 possit
1072 1659 1228 1711 aditus,
1278 1672 1355 1712 per
1386 1672 1514 1714 quem

91 1725 136 1765 in
171 1723 406 1767 Graeciam
438 1726 693 1778 peruenisse
728 1725 899 1768 fabulas
933 1727 1003 1768 ille
1037 1728 1289 1781 disputauit.

179 1793 338 1835 Kelleri
370 1806 559 1836 acumen
592 1795 706 1848 quod
740 1795 792 1836 de
826 1795 999 1849 Aesopo
1032 1797 1259 1849 protulerit
1292 1798 1511 1849 iudicium,

90 1861 212 1903 hisce
244 1862 337 1915 ipse
369 1861 630 1904 breuissime
664 1863 918 1916 complexus
944 1869 1009 1905 est
1029 1864 1053 1905 1.
1080 1864 1105 1905 l.
1128 1879 1167 1918 p.
1193 1865 1300 1906 376:
1343 1866 1515 1917 „dieser

91 1942 226 1972 mann
259 1928 375 1984 (scil.
409 1930 646 1985 Aesopus),
689 1931 787 1972 dem
821 1932 889 1973 die
924 1931 1141 1974 Griechen
1175 1934 1268 1981 ihre
1301 1938 1416 1975 erste
1450 1933 1514 1976 fa-

90 1996 410 2051 belsammlung
443 1999 709 2050 verdanken⁷
763 1999 840 2040 hat
883 2000 998 2041 nach
1045 2002 1213 2042 meiner
1246 2002 1421 2044 ansicht
1454 2003 1513 2044 im

89 2066 128 2108 6.
160 2067 452 2120 Jahrhundert
483 2081 521 2108 v.
546 2067 647 2109 Chr.
683 2068 747 2109 als
781 2068 1067 2122 phrygischer
1090 2069 1239 2111 solave
1260 2070 1338 2112 auf
1355 2070 1512 2114 Samos

88 2135 230 2188 gelebt
262 2137 351 2177 und
382 2149 500 2177 zwar
534 2137 591 2176 im
626 2141 772 2178 ersten
806 2137 992 2178 drittel“.
1029 2137 1153 2189 Quod
1185 2143 1232 2179 ut
1255 2151 1513 2192 assequere-

87 2207 169 2255 tur,
214 2204 350 2257 ipsius
392 2204 461 2246 ille
495 2212 608 2245 usus
635 2209 700 2246 est
732 2205 868 2246 multo
903 2206 1042 2257 magis
1076 2207 1248 2258 egregia
1281 2220 1362 2249 sua
1395 2221 1513 2250 noua

89 2273 365 2324 excogitandi
400 2271 610 2314 facultate
633 2285 763 2326 quam
788 2274 1153 2325 testimoniorum,
1189 2288 1302 2328 quae
1325 2277 1512 2330 antiqui-

87 2343 158 2381 tas
200 2340 254 2381 de
286 2340 461 2394 Aesopo
507 2341 696 2393 exhibet,
746 2346 867 2383 recta
901 2343 1155 2396 integraque
1190 2345 1509 2388 aestimatione.

89 2406 262 2458 Quanto
295 2409 411 2449 enim
445 2421 576 2462 opere
609 2410 962 2451 testimoniorum
996 2412 1259 2453 auctoritate
1284 2412 1414 2465 plane
1437 2414 1511 2455 de-

88 2475 264 2518 stitutus
296 2476 544 2518 intimorum
579 2478 771 2519 maxime
804 2478 1031 2519 hominum
1066 2480 1181 2532 apud
1206 2479 1399 2523 Graecos
1433 2495 1511 2523 an-

86 2543 267 2597 tiquitus
299 2545 343 2586 in
374 2558 457 2587 usu
490 2544 625 2587 fuisse
659 2544 843 2597 fabulas,
884 2550 931 2587 ut
963 2549 1209 2590 sententiae
1243 2562 1350 2592 suae
1383 2563 1511 2603 prae-

187 2688 213 2734 ¹)
238 2689 279 2724 Id
305 2689 392 2734 quid
417 2690 487 2725 sibi
514 2691 605 2726 uelit
631 2703 763 2726 nomen
788 2704 822 2738 p.
851 2694 895 2728 66
921 2703 1001 2738 sqq.
1028 2694 1182 2740 aperuit.
