1863 3043
911 167 951 201 71

310 262 558 304 Posteriore
591 265 766 304 demum
799 268 996 316 tempore
1032 276 1163 316 quam
1197 276 1310 316 quae
1343 265 1490 306 adhuc
1525 277 1643 305 com-

221 330 714 384 memorauideAesopo
730 330 999 373 Graecorum
1022 332 1274 374 testimonia
1299 333 1499 385 quaestio
1522 333 1644 373 uide—

220 403 290 440 tur
331 398 486 440 oborta
532 411 629 440 esse
673 400 785 441 inter
817 412 905 450 eos,
957 412 1069 453 quae
1104 399 1258 442 fuisset
1291 402 1433 453 patria
1468 401 1641 453 Aesopi.

220 467 299 508 Hic
332 468 537 509 nimirum
570 480 732 509 nouum
766 480 901 519 genus
936 480 1134 509 errorum
1169 469 1483 521 posterioribus
1509 468 1643 510 Grae-

221 535 284 576 cis
325 536 491 588 peperit
532 536 627 588 ipsa
672 540 868 577 ueterum
904 536 1018 578 male
1052 537 1179 578 docta
1215 538 1468 578 auctoritas.
1533 537 1641 578 Nam

220 604 504 645 commixtam
539 615 637 645 esse
670 603 789 644 illam
824 605 1127 656 quaestionem
1158 617 1257 645 cum
1298 617 1362 655 ea.
1399 618 1481 658 qua
1516 609 1643 657 gente

220 684 361 724 quoue
402 672 446 712 in
486 672 644 724 oppido
688 676 816 713 natus
862 672 990 713 fuerit
1034 674 1108 713 aut
1147 672 1368 715 Iadmonis
1402 674 1472 715 ille
1506 673 1642 715 Samii

219 751 372 781 seruus
407 745 493 781 aut.
541 741 611 793 qui
647 740 702 781 ab
735 740 831 782 aliis
867 741 1113 782 habebatur
1146 741 1294 791 fuisse.
1344 742 1494 784 Croesi
1528 742 1642 793 regis

218 807 289 849 ille
322 821 474 850 scurra
508 809 576 850 uel
611 809 779 861 legatus
803 815 1150 851 consentaneum
1186 815 1262 852 est.
1300 811 1491 852 Fuerunt
1510 811 1642 851 etiam

219 876 304 929 qui,
355 889 453 917 cum
501 877 554 918 de
595 876 839 918 fabularum
875 878 1040 929 origine
1075 878 1237 919 certius
1271 879 1373 932 quid
1407 878 1488 919 sibi
1523 890 1644 918 asse-

219 945 305 986 ‹·uti
340 957 438 986 esse
473 946 734 995 uiderentur.
770 946 898 987 simul
921 946 1081 998 Aesopi
1116 947 1340 988 inuenisse
1373 947 1561 999 patriam
1596 958 1643 987 se

220 1015 543 1055 contenderent.
577 1014 717 1067 Atque
739 1026 816 1065 ego
841 1015 904 1055 sic
926 1019 1085 1065 statuo,
1122 1016 1245 1056 cuius
1279 1027 1333 1056 ne
1362 1015 1642 1056 sacerdotum

219 1082 394 1134 quidem
436 1082 744 1135 Delphicorum
788 1082 923 1123 multo
967 1084 1108 1135 priore
1157 1089 1350 1136 tempore
1384 1084 1567 1125 scientia
1602 1088 1643 1124 et

219 1151 459 1192 auctoritas
505 1151 713 1202 indagare
759 1155 992 1203 potuerant
1031 1153 1221 1204 patriam
1267 1157 1342 1193 aut
1381 1157 1552 1203 gentem
1587 1176 1643 1179 ——

220 1231 321 1260 nam
355 1219 574 1261 ladmonis
609 1231 786 1260 seruum
821 1218 956 1261 fuisse
990 1232 1120 1273 quem
1154 1221 1425 1274 quaerebant
1459 1220 1641 1261 multum

220 1287 385 1330 afuisse
417 1293 462 1329 ut
495 1288 575 1340 ipsi
623 1288 849 1328 crederent
894 1289 979 1329 iam
1027 1290 1189 1330 dictum
1233 1294 1300 1330 est
1333 1314 1400 1330 —.
1453 1290 1544 1330 eius
1591 1290 1642 1329 de

221 1357 386 1408 origine
404 1356 662 1409 quantillum
675 1357 765 1397 ueri
782 1357 1032 1408 patefacere
1044 1358 1264 1409 potuerint
1277 1357 1523 1398 Aristotelis
1537 1357 1643 1397 alio-

222 1437 405 1478 rumque
438 1426 570 1466 etiam
605 1425 897 1476 posteriorum
932 1425 1153 1477 diligentia
1187 1431 1227 1466 et
1262 1426 1463 1467 doctrina
1487 1431 1642 1478 sponte

221 1505 445 1546 apparere.
481 1494 541 1533 De
571 1493 814 1534 Heraclidis
849 1494 1022 1545 quidem
1058 1495 1111 1535 ab
1145 1494 1379 1536 Aristotele
1412 1495 1547 1547 petito
1581 1499 1643 1535 te-

220 1563 424 1603 stimonio
457 1562 527 1614 qui
547 1561 761 1603 Thracem
787 1560 921 1602 fuisse
940 1562 1159 1615 Aesopum
1182 1568 1331 1604 narrat
1354 1576 1487 1615 supra
1509 1575 1643 1616 quae-

221 1631 350 1672 situm
385 1636 462 1671 est.
531 1630 573 1670 ln
610 1630 852 1681 fragmento
887 1636 1032 1671 autem
1059 1631 1204 1672 Babrii
1243 1631 1325 1671 147
1361 1632 1425 1672 ed.
1461 1631 1639 1672 Lachm.

219 1703 394 1741 seruato
427 1700 470 1739 in
502 1698 699 1751 Apollon.
735 1697 866 1750 Soph.
905 1698 1044 1740 lexico
1065 1699 1189 1740 Hom.
1227 1714 1259 1740 s.
1295 1713 1334 1740 u.
1371 1694 1491 1746 ἄειδε,
1528 1700 1643 1752 quod

220 1780 300 1809 suo
347 1768 439 1808 iure
488 1766 648 1807 Babrio
699 1765 918 1807 abiudical
972 1767 1296 1821 Eberhardus1)
1329 1769 1528 1821 Aesopus
1569 1782 1646 1809 cur

221 1837 392 1878 dicatur
423 1835 666 1881 Sardianus
701 1836 978 1887 perspicuum
1016 1848 1114 1877 esse
1147 1848 1288 1889 spero.
1344 1836 1502 1879 Suidas
1536 1850 1569 1878 s.
1606 1851 1643 1878 u.

221 1900 420 1948 Αἴσωπος
453 1903 652 1944 diuersas
675 1901 840 1955 profert
863 1904 1092 1955 opiniones
1128 1905 1223 1945 has:
1263 1902 1462 1951 Αἴσωπος
1480 1903 1644 1954 Σάμιος

222 1966 246 2019 η’
276 1968 527 2020 Σαρδιηνός,
561 1971 763 2012 nimirum
799 1972 913 2024 quod
947 1972 1049 2013 hinc
1081 1973 1151 2014 uel
1186 1972 1302 2013 illinc
1333 1973 1524 2026 Delphos
1544 1986 1644 2025 pro-

221 2036 360 2078 fectus
406 2050 504 2080 esse
552 2038 893 2093 existimaturi).
947 2038 1155 2090 Ev'yfe‘twv
1211 2039 1254 2079 δὲ
1304 2038 1645 2090 Μεσημβριανόν

221 2099 344 2148 εἶπεν.
398 2107 476 2147 Hic
511 2120 609 2148 cum
645 2108 886 2148 inauditum
923 2114 1135 2160 appareat
1170 2109 1419 2160 Eugeitouis
1466 2119 1640 2155 nomen,

222 2177 267 2213 ut
299 2175 437 2226 magis
471 2176 554 2217 hoc
588 2180 738 2219 notum
773 2176 891 2217 aliud
925 2177 1161 2229 expediret.
1196 2177 1380 2217 nimium
1403 2175 1642 2217 Grauertus

220 2253 261 2293 p.
295 2240 351 2281 66
384 2255 475 2295 sqq.
511 2244 784 2296 consumpsit
817 2256 989 2296 operae.
1039 2244 1190 2298 Neque
1225 2246 1339 2286 euim
1374 2245 1445 2297 qui
1480 2256 1533 2285 ex
1566 2256 1644 2284 no-

221 2309 331 2350 tiore
363 2322 473 2352 uoce
495 2307 678 2361 Εὐγείων
710 2312 941 2363 deprauari
977 2314 1163 2364 potuerit
1197 2326 1313 2355 noua
1338 2312 1477 2353 forma
1505 2308 1642 2361 Εὐγεί·

222 2390 318 2428 των,
357 2379 469 2420 ratio
502 2379 590 2420 ulla
624 2378 748 2425 est³‚.
816 2380 864 2421 Et
898 2382 998 2434 quia
1033 2381 1298 2431 Maenqpcsspla
1332 2383 1514 2423 duorum
1550 2384 1642 2421 erat

323 2492 346 2535 ¹)
372 2493 426 2527 ed.
454 2494 576 2528 Babrii
604 2507 636 2539 p.
664 2497 720 2530 94.

320 2549 346 2592 “·’)
370 2549 458 2584 item
486 2550 666 2594 Agathias
692 2550 852 2585 Samium
881 2563 960 2585 eum
990 2552 1149 2597 appellat
1176 2552 1210 2585 in
1247 2551 1359 2596 epigr.
1394 2552 1529 2585 anthol.
1569 2551 1641 2585 Pal.

226 2603 306 2637 XV!
336 2606 415 2640 332.

321 2660 347 2703 ³)
374 2660 604 2705 Eugaeonem
651 2662 912 2707 logographum
958 2663 1160 2697 Samiorum
1216 2664 1511 2708 antiquissimum
1555 2664 1641 2703 (uid.
