1854 3017
928 213 972 244 68

243 309 512 350 Heraclidem
568 307 683 359 polit.
735 308 773 354 2,
827 307 852 345 3
899 307 1051 358 legitur
1100 307 1342 360 Lycurgum
1390 305 1526 348 Samo
1578 306 1664 358 pri-

241 390 357 418 mum
401 376 577 417 Homeri
629 374 829 415 carmina
879 374 1157 415 transtulisse
1197 375 1239 415 in
1296 374 1661 427 Peloponnesum,

242 446 281 485 id
303 445 382 485 etsi
418 444 575 485 falsum
609 455 706 484 esse
740 446 915 483 constat
948 443 1145 485 declarat
1177 447 1326 485 tamen
1360 443 1465 484 artis
1499 442 1664 484 littera-

240 525 421 565 rumque
475 512 602 553 laude
651 511 808 552 ceteris
858 510 1072 552 Graeciae
1120 511 1370 552 civitatibus
1424 510 1663 564 aliquando

244 581 515 633 praestitisse
549 580 744 622 Samum.
781 579 976 632 Denique
1010 580 1124 633 quod
1146 580 1320 622 Samius
1347 579 1479 620 fuisse
1503 579 1664 632 Pytha-

240 662 368 701 goras
404 650 445 689 in
479 660 617 701 eaque
654 648 794 689 insula
826 652 1038 701 tanquam
1081 649 1205 690 initia
1239 648 1310 689 illa
1344 648 1565 689 exstitisse
1599 647 1660 688 di-

242 722 397 758 cuntur
430 717 670 765 doctrinae,
705 730 791 770 qua
825 718 997 759 animos
1032 717 1258 759 hominum
1279 721 1377 769 post
1402 720 1586 758 mortem
1608 715 1664 756 ad

242 786 497 827 animalium
539 798 724 837 corpora
766 786 955 826 transire
993 785 1359 838 praecipiebatur.v
1410 786 1451 826 id
1484 784 1554 826 uel
1587 784 1666 826 ali—

243 855 364 895 cuius
408 854 478 894 hic
518 866 615 895 esse
664 854 873 896 momenti
920 866 1263 895 commemorem
1282 851 1325 907 1).
1392 853 1513 904 Quae
1565 865 1665 893 eum

244 924 302 964 ita
335 923 433 964 sint.
477 923 679 964 [admoni
713 922 862 963 Samio
896 923 1010 975 quod
1044 935 1232 974 poenam
1266 923 1371 963 dare
1410 921 1665 963 sacerdotes

243 1003 329 1032 non
363 990 670 1032 dubitauerunt
704 991 860 1031 mirum
894 1004 982 1032 non
1020 995 1085 1032 est
1118 1003 1198 1032 nec
1248 991 1386 1043 magis
1420 990 1665 1031 mirandum

243 1060 357 1111 quod
392 1059 635 1100 Herodotus
671 1058 850 1100 Graecis
887 1058 1074 1100 feliciter
1106 1059 1325 1111 persuasit.
1348 1058 1570 1110 Aesopum
1603 1054 1667 1096 fa-

243 1127 485 1168 bulatorem
521 1140 695 1168 seruum
734 1126 866 1169 luisse
901 1128 1037 1169 Samii
1070 1127 1294 1169 Iadmonis
1330 1126 1522 1168 maioris.

333 1222 546 1273 Quoniam
584 1222 687 1262 nihil
721 1222 918 1263 relictum
954 1222 1079 1264 nobis
1112 1222 1282 1263 uidetur
1328 1221 1443 1274 quod
1485 1220 1541 1261 ad
1584 1219 1668 1260 He—

244 1291 383 1332 rodoti
433 1291 485 1331 de
520 1291 693 1343 Aesopo
739 1291 1036 1332 narrationem
1087 1290 1394 1343 explicandam
1428 1289 1660 1330 aestiman-

245 1361 432 1412 damque
464 1360 692 1411 pertineat,
727 1360 879 1412 paucis
914 1372 1029 1400 nunc
1062 1371 1175 1412 quae
1209 1370 1260 1399 ex
1299 1357 1549 1398 testimonio
1583 1356 1667 1396 hoc

244 1428 438 1468 omnium
471 1428 733 1479 grauissimo
767 1428 980 1469 euicimus
1015 1427 1398 1480 comprendamus.
1433 1425 1553 1466 Alius
1588 1422 1668 1465 fuit

245 1496 441 1547 Aesopus
477 1492 496 1533 ὁ
529 1493 759 1547 λογοποιὸς,
795 1493 912 1536 alius
938 1496 1137 1548 Aesopus
1172 1496 1243 1548 qui
1278 1494 1496 1536 ladmonis
1531 1492 1665 1534 Samii

246 1568 338 1605 erat
371 1577 536 1605 seruus.
602 1563 742 1616 Atque
760 1564 1067 1617 antiquissimo
1102 1564 1292 1616 quodam
1314 1568 1511 1614 tempore
1535 1561 1668 1602 homo

246 1644 372 1685 quem
409 1631 576 1673 Graece
608 1632 831 1673 uocabant
864 1630 1066 1677 Αἴσωπος
1099 1644 1153 1673 ex
1185 1631 1289 1672 Asia
1333 1630 1537 1672 interiore
1571 1629 1669 1670 Del-

245 1701 354 1752 phos
404 1704 634 1752 peruectus
685 1699 931 1742 fabularum
976 1701 1242 1747 narratione
1294 1711 1406 1753 quae
1453 1709 1596 1740 nouae
1629 1701 1671 1738 et

248 1770 468 1810 inauditae
502 1769 584 1809 illis
617 1773 721 1809 tunc
765 1774 902 1810 erant.
955 1770 1290 1809 admirationem
1324 1768 1473 1817 mouit,
1522 1777 1670 1807 sacer-

248 1839 396 1879 dotum
429 1842 578 1879 tamen
612 1838 763 1879 nescio
796 1850 880 1890 quo
914 1842 1046 1889 pacto
1086 1838 1296 1879 inuidiam
1341 1836 1424 1877 sibi
1463 1834 1671 1877 conflauit

249 1912 288 1947 et
322 1907 421 1948 licto
456 1906 526 1948 illo
559 1907 773 1958 sacrilegii
811 1906 993 1947 crimine
1012 1907 1247 1947 damnatus
1268 1910 1310 1946 et
1343 1918 1366 1946 e
1390 1904 1534 1945 medio
1567 1902 1671 1944 sub-

248 1975 359 2015 latus
404 1979 481 2015 est.
547 1975 706 2016 Postea
755 1986 825 2015 res
874 1974 1083 2016 obliuioni
1117 1975 1233 2015 data.
1298 1973 1459 2025 Ingruit
1491 1971 1670 2013 saeculo

250 2043 423 2083 ineunte
456 2043 605 2096 quinto
640 2042 814 2094 Delphis
850 2042 1026 2083 morbus
1061 2055 1114 2083 ae
1147 2046 1289 2083 terrae
1322 2041 1543 2082 sterilitas.
1578 2039 1670 2081 Iam

249 2111 410 2162 optime
443 2110 701 2161 Apollinem7
738 2122 867 2163 quem
902 2111 1061 2151 iratum
1105 2109 1357 2160 credebant,
1407 2109 1567 2150 artium
1602 2107 1671 2148 lit-

248 2182 528 2230 terarumque
562 2179 789 2219 custodem
824 2178 1079 2219 sacerdotes
1102 2177 1270 2230 placari
1290 2188 1422 2229 posse
1446 2176 1671 2217 existima-

250 2247 367 2295 bant,
417 2247 451 2286 si
504 2246 748 2288 fabularum
798 2259 910 2300 quae
963 2247 1153 2287 maxime
1191 2250 1282 2287 tum
1317 2244 1672 2298 frequentissimo

251 2315 432 2355 Athenis
475 2319 516 2355 et
561 2315 661 2355 alibi
704 2328 785 2356 usu
822 2314 1037 2356 llorebant
1069 2315 1365 2355 innotesceret
1397 2313 1574 2366 quidam
1608 2312 1672 2352 in-

252 2388 416 2424 uentor.
453 2383 622 2423 Editum
658 2383 759 2424 illud
793 2383 1046 2434 oraculum3
1083 2395 1167 2436 quo
1213 2387 1255 2423 et
1287 2381 1424 2434 turpis
1462 2380 1672 2422 facinoris

254 2452 461 2492 memoria
496 2455 651 2492 renata
685 2457 749 2493 est
784 2452 978 2493 nondum
1003 2451 1178 2504 expiati,
1213 2449 1518 2503 propterquod
1543 2449 1671 2490 deum

253 2531 515 2560 succensere
555 2518 683 2560 facile
733 2520 849 2560 credi
901 2524 1084 2571 poterat.
1133 2524 1174 2560 et
1225 2517 1382 2559 fabulis
1426 2516 1670 2568 uulgiuagis

355 2661 377 2705 ¹)
404 2673 423 2695 a
451 2661 572 2701 Suida,
600 2664 640 2695 ut
666 2660 799 2705 Aesopi
828 2663 986 2695 aetatem
1008 2660 1197 2701 indicaret,
1225 2658 1322 2692 hunc
1341 2656 1572 2703 potissimum
1593 2668 1674 2691 eum

256 2716 462 2761 Pythagora
489 2717 653 2762 componi
682 2719 770 2760 (τοῖς
793 2720 944 2764 χρόνοις
971 2722 1045 2764 πρὸ
1072 2714 1319 2764 Πυθαγόρου)
1345 2712 1580 2747 memorabile
1607 2715 1674 2747 est·
