1937 3032
1065 146 1084 179 6

364 243 405 282 in
450 242 731 282 adnotatione
774 241 828 282 ad
861 241 1113 282 Archilochi
1163 240 1211 282 fr.
1263 240 1344 282 131
1392 240 1527 295 (poet.
1563 242 1638 296 lyr.
1671 242 1711 285 II
1742 257 1782 296 p.

364 310 449 350 424
483 312 586 363 sq.).
622 310 879 351 Homericus
914 310 983 351 ille
1016 309 1138 352 locus
1172 322 1316 351 nonne
1351 310 1506 352 melius
1540 315 1582 352 et
1619 311 1785 365 simpli-

364 380 456 419 cius
498 378 739 419 illustratur
784 382 915 431 atque
961 378 1202 431 explicatur
1244 379 1338 431 ipso
1370 379 1415 419 Il.
1451 379 1559 420 XIII
1591 378 1688 431 102‚
1738 384 1785 421 ut

365 447 723 498 interl-irctatione
762 446 831 487 uel
874 459 899 488 a
943 446 1092 488 fabula
1137 448 1286 488 nescio
1331 460 1416 500 qua
1458 448 1643 499 repetita
1676 460 1784 500 opus

363 515 540 556 omnino
574 527 661 555 non
685 514 751 555 sit.
785 514 1042 567 Nuperrime
1061 520 1207 556 autem
1227 515 1286 556 El.
1312 515 1511 569 Meyerus
1531 513 1560 568 ¹)
1593 516 1786 557 necessi-

364 588 497 624 tatem
541 583 761 635 quandam
809 594 906 624 esse
955 584 1106 624 statuit
1152 584 1262 625 inter
1306 584 1349 624 Il.
1398 584 1492 625 XXI
1526 584 1581 624 22
1616 597 1708 637 sqq.
1743 588 1785 625 et

364 651 607 691 fabularum
640 663 789 702 genus,
825 651 867 691 in
901 664 984 704 quo
1031 651 1258 704 delphinus
1303 652 1486 704 piscium
1536 663 1612 692 rex
1650 651 1787 694 habe-

364 724 492 759 retur.
529 719 612 759 Sed
633 718 755 759 falso.
792 718 925 760 Multo
950 720 1065 760 enim
1097 720 1314 772 potiorum
1339 721 1382 760 in
1406 719 1672 773 mythologia
1697 719 1786 761 del-

363 787 541 839 phinum
567 798 663 827 esse
687 787 887 839 partium,
924 787 966 828 in
989 786 1255 829 Graecorum
1282 787 1452 839 fabulis,
1487 788 1589 830 licet
1609 801 1784 830 omnem

364 868 513 896 earum
535 855 768 907 peruoluas
786 856 969 908 copiam,
1004 868 1144 908 paene
1177 856 1304 897 nullis
1337 857 1477 897 uirum
1513 855 1674 909 fugisse
1707 857 1784 898 mi-

364 937 434 965 ror
476 925 664 965 doctum.
731 924 871 965 Etiam
915 925 1125 966 audacius
1160 926 1274 966 idem
1289 924 1319 980 ²)
1352 939 1422 966 uu.
1470 925 1516 966 Il.
1550 925 1664 967 XXII
1698 926 1785 967 262

363 1006 454 1046 sqq.
492 991 750 1042 fabularum,
787 993 829 1033 in
863 992 1018 1045 quibus
1052 993 1252 1035 homines
1295 1006 1394 1035 cum
1436 993 1647 1045 leonibus
1698 993 1785 1048 lupi

363 1074 461 1102 cum
496 1060 649 1102 ouibus
683 1062 1024 1113 paciscerentur,
1060 1063 1351 1115 cognitionem
1384 1062 1581 1104 redolere
1605 1066 1786 1104 conten-

363 1130 434 1170 dit.
469 1129 630 1170 Verum
665 1130 865 1182 quamuis
900 1142 1032 1182 saepe
1066 1131 1118 1171 de
1153 1129 1400 1172 foederibus
1435 1131 1548 1172 inter
1577 1130 1786 1172 animalia

362 1210 437 1250 per
470 1210 516 1239 se
550 1198 728 1239 inimica
763 1197 889 1239 factis
923 1199 966 1239 in
1001 1197 1157 1240 fabulis
1192 1200 1246 1240 sit
1285 1211 1444 1251 sermo,
1495 1198 1550 1240 ab
1595 1199 1786 1241 Homero

362 1267 467 1308 talia
502 1265 679 1308 foedera
714 1265 803 1307 fieri
836 1279 966 1319 posse
999 1267 1180 1309 uidesne
1213 1268 1392 1309 omnino
1425 1267 1605 1320 negari?
1643 1267 1784 1309 Immo

362 1335 592 1388 apologum
626 1348 889 1389 quemquam
924 1349 949 1377 a
982 1343 1112 1389 poeta
1145 1337 1215 1378 hic
1236 1337 1395 1389 respici
1419 1336 1638 1389 expressis
1661 1340 1786 1377 ueta-

363 1417 457 1444 mur
489 1404 633 1445 uerbis
667 1405 882 1457 suspicari
898 1401 942 1459 3).
976 1404 1033 1445 At
1064 1405 1259 1457 profecto
1293 1405 1394 1458 quia
1417 1408 1616 1447 nontam
1640 1405 1786 1457 singu-

362 1472 425 1513 los
448 1472 687 1513 bestiarum
709 1484 852 1513 mores
871 1473 1151 1527 singulasque
1175 1474 1373 1515 actiones
1396 1473 1466 1514 ille
1489 1473 1631 1515 attulit
1653 1485 1784 1526 quam

362 1541 486 1582 iustis
520 1541 572 1582 de
605 1542 656 1582 iis
690 1542 1043 1594 narratiunculis,
1079 1555 1190 1596 quae
1222 1543 1318 1596 plus
1353 1555 1484 1596 quam
1518 1542 1575 1584 ad
1607 1554 1786 1595 compa-

361 1613 544 1654 randum
580 1625 688 1665 opus
717 1613 772 1654 sit
804 1626 1119 1667 nonnunquam
1153 1615 1408 1656 contineant
1422 1610 1469 1668 4),
1505 1625 1685 1654 carmen
1717 1625 1787 1654 or·-

362 1682 499 1722 nauit:
551 1681 635 1722 hac
677 1685 802 1723 tanta
834 1681 1033 1724 ubertate
1067 1687 1108 1724 et
1140 1683 1318 1724 licentia
1352 1683 1393 1723 in
1428 1681 1684 1723 animalium
1717 1693 1786 1722 re-

361 1749 441 1791 bus
485 1749 782 1791 describendis
826 1749 1017 1792 futurum
1063 1751 1222 1792 dixeris
1265 1763 1353 1792 non
1387 1750 1520 1792 fuisse
1553 1753 1599 1791 ut
1632 1749 1691 1790 illi
1723 1749 1785 1790 uti

362 1819 522 1862 liceret,
557 1819 639 1860 nisi
672 1819 866 1871 ipsarum
901 1817 1147 1860 fabularum
1180 1819 1408 1860 audientes
1442 1831 1602 1871 gnaros
1635 1821 1676 1859 et
1710 1830 1785 1859 cu—

362 1887 485 1939 pidos
504 1887 720 1931 sciuisset,
756 1887 810 1928 ab
845 1887 913 1929 his
947 1892 1094 1929 autem
1128 1888 1233 1941 ipsis
1267 1899 1374 1929 sane
1408 1887 1518 1928 fictis
1551 1885 1695 1938 rebus,
1729 1897 1784 1927 ne

363 1956 518 1997 ceteris
552 1968 660 2009 quas
693 1956 890 1997 narrauit
923 1956 1171 1998 detraheret
1203 1956 1344 2008 fidem,
1380 1955 1658 1997 abhorruisse
1681 1966 1785 2008 poe-

361 2029 452 2065 tam
486 2025 671 2077 epicum.
705 2024 844 2067 Simili
877 2025 930 2066 de
964 2038 1112 2076 causa,
1147 2029 1194 2066 ut
1224 2029 1341 2078 puto,
1376 2024 1527 2066 Theon
1559 2035 1783 2077 progymn.

364 2106 457 2145 cap.
492 2093 553 2134 III
586 2091 715 2146 (rhet.
753 2092 906 2135 Graec.
941 2093 956 2134 Ι
989 2107 1028 2146 p.
1066 2093 1149 2134 172
1182 2093 1276 2148 W.)
1317 2093 1555 2134 Homerum
1588 2090 1783 2133 fabulam

363 2161 621 2213 cognouisse
655 2159 843 2202 affirmat
887 2159 1180 2215 (ἐπιστάμενος
1212 2159 1426 2215 (parrum)
1460 2160 1617 2214 potius,
1652 2171 1784 2213 quam

462 2302 485 2346 ¹)
512 2302 596 2336 libri
621 2301 683 2347 qui
709 2301 921 2336 inscribitur
946 2301 1292 2346 Indogermanische
1318 2301 1471 2347 Mythen
1498 2301 1533 2335 II
1558 2313 1592 2347 p.
1620 2301 1701 2337 320.

459 2357 471 2376 2
512 2357 534 2392 1.
562 2357 584 2392 1.
638 2385 644 2392 .
745 2385 751 2392 .

460 2358 486 2459 ³3
513 2370 653 2460 Meyelii
672 2359 821 2449 ἷξῗοτθε
846 2414 1008 2450 breviter
1033 2414 1179 2450 notauit
1203 2414 1276 2449 iam
1304 2414 1345 2449 Ο.
1374 2414 1525 2450 Crusius
1551 2414 1666 2460 („Lit.
1694 2414 1782 2449 Cen-

361 2471 546 2506 tralhlatt-
577 2483 607 2506 a.
639 2472 728 2507 1888
754 2484 787 2517 p.
815 2472 916 2516 256).

459 2527 486 2571 ⁴)
513 2526 691 2573 Exempla
717 2539 798 2562 cum
824 2528 941 2562 multa
966 2527 1051 2568 sint,
1073 2539 1190 2573 pauca
1215 2526 1379 2562 sufficiat
1405 2539 1586 2573 apponere
1623 2527 1714 2562 haec
1743 2527 1784 2562 Il.

362 2582 393 2615 V
433 2584 628 2623 136—142,
669 2586 867 2624 554—558,
916 2584 966 2618 XI
1005 2586 1205 2626 474—481,
1245 2587 1443 2626 547—555,
1483 2586 1681 2626 557-561,
1716 2583 1783 2618 XV

364 2641 559 2681 271—-276,
587 2640 674 2675 XVI
703 2643 899 2682 156-163,
926 2643 1126 2683 259-261,
1153 2642 1352 2677 406-408.
