<?xml version="1.0" encoding="UTF-8"?>
<!DOCTYPE html PUBLIC "-//W3C//DTD XHTML 1.0 Transitional//EN"
    "http://www.w3.org/TR/xhtml1/DTD/xhtml1-transitional.dtd">
<html xmlns="http://www.w3.org/1999/xhtml" xml:lang="en" lang="en">
 <head>
  <title>
</title>
<meta http-equiv="Content-Type" content="text/html;charset=utf-8" />
  <meta name='ocr-system' content='tesseract 3.04.00' />
  <meta name='ocr-capabilities' content='ocr_page ocr_carea ocr_par ocr_line ocrx_word'/>
</head>
<body>
  <div class='ocr_page' id='page_1' title='image "apologigraeciant00neubuoft_0016.png"; bbox 0 0 1937 3032; ppageno 0'>
   <div class='ocr_carea' id='block_1_1' title="bbox 1016 166 1036 199">
    <p class='ocr_par' dir='ltr' id='par_1_1' title="bbox 1016 166 1036 199">
     <span class='ocr_line' id='line_1_1' title="bbox 1016 166 1036 199; baseline 0 -2"><span class='ocrx_word' id='word_1_1' title='bbox 1016 166 1036 199; x_wconf 79' lang='lat'>8</span> 
     </span>
    </p>
   </div>
   <div class='ocr_carea' id='block_1_2' title="bbox 313 260 1750 2440">
    <p class='ocr_par' dir='ltr' id='par_1_2' title="bbox 313 260 1749 2232">
     <span class='ocr_line' id='line_1_2' title="bbox 315 260 1740 313; baseline 0.001 -12"><span class='ocrx_word' id='word_1_2' title='bbox 315 266 455 301; x_wconf 88' lang='lat' dir='ltr'>torum</span> <span class='ocrx_word' id='word_1_3' title='bbox 498 273 711 301; x_wconf 84' lang='lat' dir='ltr'>annorum</span> <span class='ocrx_word' id='word_1_4' title='bbox 761 273 865 300; x_wconf 87' lang='lat' dir='ltr'>usus</span> <span class='ocrx_word' id='word_1_5' title='bbox 916 261 1116 313; x_wconf 88' lang='lat' dir='ltr'>uitaeque</span> <span class='ocrx_word' id='word_1_6' title='bbox 1164 260 1432 313; x_wconf 81' lang='lat' dir='ltr'>experientia</span> <span class='ocrx_word' id='word_1_7' title='bbox 1481 260 1628 302; x_wconf 92' lang='lat' dir='ltr'>docuit</span> <span class='ocrx_word' id='word_1_8' title='bbox 1660 274 1740 303; x_wconf 88' lang='lat' dir='ltr'>suo</span> 
     </span>
     <span class='ocr_line' id='line_1_3' title="bbox 313 327 1738 380; baseline 0.002 -13"><span class='ocrx_word' id='word_1_9' title='bbox 313 327 475 380; x_wconf 76' lang='lat' dir='ltr'>profert</span> <span class='ocrx_word' id='word_1_10' title='bbox 509 340 595 378; x_wconf 76' lang='lat' dir='ltr'>ore,</span> <span class='ocrx_word' id='word_1_11' title='bbox 628 327 869 380; x_wconf 79' lang='lat' dir='ltr'>perfectam</span> <span class='ocrx_word' id='word_1_12' title='bbox 902 329 1043 370; x_wconf 83' lang='lat' dir='ltr'>reddit</span> <span class='ocrx_word' id='word_1_13' title='bbox 1076 327 1272 370; x_wconf 89' lang='lat' dir='ltr'>fabulam</span> <span class='ocrx_word' id='word_1_14' title='bbox 1292 342 1362 370; x_wconf 90' lang='lat' dir='ltr'>uu.</span> <span class='ocrx_word' id='word_1_15' title='bbox 1398 329 1452 370; x_wconf 92' lang='lat' dir='ltr'>ib.</span> <span class='ocrx_word' id='word_1_16' title='bbox 1487 328 1738 370; x_wconf 77' lang='lat'>202—212.</span> 
     </span>
     <span class='ocr_line' id='line_1_4' title="bbox 315 396 1739 450; baseline 0.002 -15"><span class='ocrx_word' id='word_1_17' title='bbox 315 396 424 436; x_wconf 86' lang='lat' dir='ltr'>llinc</span> <span class='ocrx_word' id='word_1_18' title='bbox 468 396 646 437; x_wconf 76' lang='lat' dir='ltr'>Hesiodi</span> <span class='ocrx_word' id='word_1_19' title='bbox 689 396 970 448; x_wconf 77' lang='lat' dir='ltr'>temporibus,</span> <span class='ocrx_word' id='word_1_20' title='bbox 1025 397 1149 438; x_wconf 89' lang='lat' dir='ltr'>cuius</span> <span class='ocrx_word' id='word_1_21' title='bbox 1183 410 1249 449; x_wconf 91' lang='lat' dir='ltr'>op.</span> <span class='ocrx_word' id='word_1_22' title='bbox 1286 402 1327 439; x_wconf 92' lang='lat' dir='ltr'>et</span> <span class='ocrx_word' id='word_1_23' title='bbox 1361 398 1414 438; x_wconf 89' lang='lat' dir='ltr'>di.</span> <span class='ocrx_word' id='word_1_24' title='bbox 1451 397 1739 450; x_wconf 90' lang='lat' dir='ltr'>complurium</span> 
     </span>
     <span class='ocr_line' id='line_1_5' title="bbox 316 465 1741 508; baseline 0.001 -4"><span class='ocrx_word' id='word_1_25' title='bbox 316 465 507 505; x_wconf 83' lang='lat' dir='ltr'>uirorum</span> <span class='ocrx_word' id='word_1_26' title='bbox 543 465 769 505; x_wconf 85' lang='lat' dir='ltr'>doctorum</span> <span class='ocrx_word' id='word_1_27' title='bbox 803 465 964 506; x_wconf 90' lang='lat' dir='ltr'>iudicio</span> <span class='ocrx_word' id='word_1_28' title='bbox 999 470 1040 506; x_wconf 88' lang='lat' dir='ltr'>et</span> <span class='ocrx_word' id='word_1_29' title='bbox 1073 470 1270 507; x_wconf 87' lang='lat' dir='ltr'>ueterum</span> <span class='ocrx_word' id='word_1_30' title='bbox 1299 471 1341 508; x_wconf 87' lang='lat' dir='ltr'>et</span> <span class='ocrx_word' id='word_1_31' title='bbox 1363 466 1605 507; x_wconf 87' lang='lat' dir='ltr'>recentium</span> <span class='ocrx_word' id='word_1_32' title='bbox 1639 470 1741 507; x_wconf 91' lang='lat' dir='ltr'>ante</span> 
     </span>
     <span class='ocr_line' id='line_1_6' title="bbox 317 532 1740 585; baseline 0.001 -13"><span class='ocrx_word' id='word_1_33' title='bbox 317 532 547 573; x_wconf 82' lang='lat' dir='ltr'>Homerica</span> <span class='ocrx_word' id='word_1_34' title='bbox 583 533 781 573; x_wconf 83' lang='lat' dir='ltr'>carmina</span> <span class='ocrx_word' id='word_1_35' title='bbox 814 537 910 574; x_wconf 89' lang='lat' dir='ltr'>orta</span> <span class='ocrx_word' id='word_1_36' title='bbox 943 545 1041 575; x_wconf 88' lang='lat' dir='ltr'>esse</span> <span class='ocrx_word' id='word_1_37' title='bbox 1086 533 1315 585; x_wconf 87' lang='lat' dir='ltr'>habentur,</span> <span class='ocrx_word' id='word_1_38' title='bbox 1367 533 1536 575; x_wconf 81' lang='lat' dir='ltr'>fabulas</span> <span class='ocrx_word' id='word_1_39' title='bbox 1584 533 1740 574; x_wconf 88' lang='lat' dir='ltr'>saltem</span> 
     </span>
     <span class='ocr_line' id='line_1_7' title="bbox 318 600 1743 653; baseline 0.002 -14"><span class='ocrx_word' id='word_1_40' title='bbox 318 600 360 639; x_wconf 90' lang='lat' dir='ltr'>in</span> <span class='ocrx_word' id='word_1_41' title='bbox 395 611 544 640; x_wconf 88' lang='lat' dir='ltr'>eorum</span> <span class='ocrx_word' id='word_1_42' title='bbox 580 601 690 641; x_wconf 88' lang='lat' dir='ltr'>inter</span> <span class='ocrx_word' id='word_1_43' title='bbox 722 614 830 653; x_wconf 86' lang='lat' dir='ltr'>quos</span> <span class='ocrx_word' id='word_1_44' title='bbox 864 601 972 642; x_wconf 82' lang='lat' dir='ltr'>uixit</span> <span class='ocrx_word' id='word_1_45' title='bbox 1005 602 1313 643; x_wconf 82' lang='lat' dir='ltr'>aestimatione</span> <span class='ocrx_word' id='word_1_46' title='bbox 1347 601 1480 643; x_wconf 85' lang='lat' dir='ltr'>fuisse</span> <span class='ocrx_word' id='word_1_47' title='bbox 1500 601 1743 643; x_wconf 81' lang='lat' dir='ltr'>luculenter</span> 
     </span>
     <span class='ocr_line' id='line_1_8' title="bbox 318 669 1743 724; baseline 0.002 -17"><span class='ocrx_word' id='word_1_48' title='bbox 318 672 510 719; x_wconf 80' lang='lat' dir='ltr'>apparet.</span> <span class='ocrx_word' id='word_1_49' title='bbox 567 669 632 708; x_wconf 83' lang='lat' dir='ltr'>An</span> <span class='ocrx_word' id='word_1_50' title='bbox 671 669 876 710; x_wconf 90' lang='lat' dir='ltr'>Hesiodei</span> <span class='ocrx_word' id='word_1_51' title='bbox 909 671 1053 722; x_wconf 88' lang='lat' dir='ltr'>operis</span> <span class='ocrx_word' id='word_1_52' title='bbox 1088 671 1355 724; x_wconf 76' lang='lat' dir='ltr'>simplicitati</span> <span class='ocrx_word' id='word_1_53' title='bbox 1389 671 1528 722; x_wconf 85' lang='lat' dir='ltr'>magis</span> <span class='ocrx_word' id='word_1_54' title='bbox 1560 682 1743 723; x_wconf 89' lang='lat' dir='ltr'>respon-</span> 
     </span>
     <span class='ocr_line' id='line_1_9' title="bbox 318 736 1743 793; baseline 0.003 -18"><span class='ocrx_word' id='word_1_55' title='bbox 318 736 449 787; x_wconf 85' lang='lat' dir='ltr'>deret,</span> <span class='ocrx_word' id='word_1_56' title='bbox 499 737 565 777; x_wconf 89' lang='lat' dir='ltr'>his</span> <span class='ocrx_word' id='word_1_57' title='bbox 613 738 759 779; x_wconf 88' lang='lat' dir='ltr'>uerbis</span> <span class='ocrx_word' id='word_1_58' title='bbox 805 739 840 780; x_wconf 89' lang='lat' dir='ltr'>si</span> <span class='ocrx_word' id='word_1_59' title='bbox 884 740 1128 781; x_wconf 86' lang='lat' dir='ltr'>inauditum</span> <span class='ocrx_word' id='word_1_60' title='bbox 1171 752 1310 793; x_wconf 88' lang='lat' dir='ltr'>usque</span> <span class='ocrx_word' id='word_1_61' title='bbox 1345 740 1401 781; x_wconf 88' lang='lat' dir='ltr'>ad</span> <span class='ocrx_word' id='word_1_62' title='bbox 1433 739 1538 780; x_wconf 92' lang='lat' dir='ltr'>illud</span> <span class='ocrx_word' id='word_1_63' title='bbox 1570 743 1743 791; x_wconf 88' lang='lat' dir='ltr'>tempus</span> 
     </span>
     <span class='ocr_line' id='line_1_10' title="bbox 318 804 1742 856; baseline 0.003 -13"><span class='ocrx_word' id='word_1_64' title='bbox 318 804 572 856; x_wconf 80' lang='lat' dir='ltr'>aequalibus</span> <span class='ocrx_word' id='word_1_65' title='bbox 598 804 833 855; x_wconf 57' lang='lat' dir='ltr'>5n1d÷12⁵÷w;</span> <span class='ocrx_word' id='word_1_66' title='bbox 852 808 1190 849; x_wconf 81' lang='lat' dir='ltr'>instrumentum</span> <span class='ocrx_word' id='word_1_67' title='bbox 1215 808 1427 849; x_wconf 87' lang='lat' dir='ltr'>uoluisset</span> <span class='ocrx_word' id='word_1_68' title='bbox 1460 807 1643 848; x_wconf 83' lang='lat' dir='ltr'>carmini</span> <span class='ocrx_word' id='word_1_69' title='bbox 1676 807 1742 847; x_wconf 90' lang='lat' dir='ltr'>in-</span> 
     </span>
     <span class='ocr_line' id='line_1_11' title="bbox 320 871 1743 927; baseline 0.002 -15"><span class='ocrx_word' id='word_1_70' title='bbox 320 871 444 922; x_wconf 88' lang='lat' dir='ltr'>ferre,</span> <span class='ocrx_word' id='word_1_71' title='bbox 480 873 593 925; x_wconf 83' lang='lat' dir='ltr'>quod</span> <span class='ocrx_word' id='word_1_72' title='bbox 627 874 698 926; x_wconf 87' lang='lat' dir='ltr'>qui</span> <span class='ocrx_word' id='word_1_73' title='bbox 732 875 985 927; x_wconf 87' lang='lat' dir='ltr'>audiuisset,</span> <span class='ocrx_word' id='word_1_74' title='bbox 1021 877 1103 917; x_wconf 91' lang='lat' dir='ltr'>nisi</span> <span class='ocrx_word' id='word_1_75' title='bbox 1141 875 1387 917; x_wconf 89' lang='lat' dir='ltr'>fabularum</span> <span class='ocrx_word' id='word_1_76' title='bbox 1420 875 1573 916; x_wconf 84' lang='lat' dir='ltr'>suisset</span> <span class='ocrx_word' id='word_1_77' title='bbox 1602 873 1743 915; x_wconf 91' lang='lat' dir='ltr'>imbu-</span> 
     </span>
     <span class='ocr_line' id='line_1_12' title="bbox 318 942 1744 998; baseline 0.002 -18"><span class='ocrx_word' id='word_1_78' title='bbox 318 946 386 981; x_wconf 85' lang='lat' dir='ltr'>tus</span> <span class='ocrx_word' id='word_1_79' title='bbox 434 942 693 993; x_wconf 77' lang='lat' dir='ltr'>cognitione,</span> <span class='ocrx_word' id='word_1_80' title='bbox 743 944 966 986; x_wconf 80' lang='lat' dir='ltr'>derisisset</span> <span class='ocrx_word' id='word_1_81' title='bbox 1013 949 1142 998; x_wconf 85' lang='lat' dir='ltr'>atque</span> <span class='ocrx_word' id='word_1_82' title='bbox 1187 945 1296 986; x_wconf 92' lang='lat' dir='ltr'>adeo</span> <span class='ocrx_word' id='word_1_83' title='bbox 1343 945 1386 984; x_wconf 89' lang='lat' dir='ltr'>in</span> <span class='ocrx_word' id='word_1_84' title='bbox 1416 955 1463 984; x_wconf 88' lang='lat' dir='ltr'>re</span> <span class='ocrx_word' id='word_1_85' title='bbox 1496 948 1587 984; x_wconf 88' lang='lat' dir='ltr'>tam</span> <span class='ocrx_word' id='word_1_86' title='bbox 1621 942 1744 994; x_wconf 88' lang='lat' dir='ltr'>graui</span> 
     </span>
     <span class='ocr_line' id='line_1_13' title="bbox 317 1005 1745 1067; baseline -0.001 -18"><span class='ocrx_word' id='word_1_87' title='bbox 317 1010 584 1061; x_wconf 66' lang='lat' dir='ltr'>respuisset?</span> <span class='ocrx_word' id='word_1_88' title='bbox 618 1011 707 1052; x_wconf 88' lang='lat' dir='ltr'>Iam</span> <span class='ocrx_word' id='word_1_89' title='bbox 729 1011 1013 1066; x_wconf 87' lang='lat' dir='ltr'>Goettlingius</span> <span class='ocrx_word' id='word_1_90' title='bbox 1037 1026 1122 1067; x_wconf 86' lang='lat' dir='ltr'>qua</span> <span class='ocrx_word' id='word_1_91' title='bbox 1146 1026 1282 1054; x_wconf 86' lang='lat' dir='ltr'>causa</span> <span class='ocrx_word' id='word_1_92' title='bbox 1302 1026 1342 1054; x_wconf 93' lang='lat' dir='ltr'>u.</span> <span class='ocrx_word' id='word_1_93' title='bbox 1363 1013 1447 1054; x_wconf 76' lang='lat'>202</span> <span class='ocrx_word' id='word_1_94' title='bbox 1482 1011 1552 1051; x_wconf 77' lang='grc' dir='ltr'>νῦν</span> <span class='ocrx_word' id='word_1_95' title='bbox 1583 1010 1606 1048; x_wconf 78' lang='grc' dir='ltr'><em>δ</em></span> <span class='ocrx_word' id='word_1_96' title='bbox 1628 1005 1745 1049; x_wconf 78' lang='grc' dir='ltr'><em>αἶνον</em></span> 
     </span>
     <span class='ocr_line' id='line_1_14' title="bbox 319 1077 1744 1134; baseline 0.006 -21"><span class='ocrx_word' id='word_1_97' title='bbox 319 1077 563 1123; x_wconf 51' lang='lat' dir='ltr'>,maizein-111</span> <span class='ocrx_word' id='word_1_98' title='bbox 593 1079 696 1128; x_wconf 53' lang='grc' dir='ltr'>ἐρέω</span> <span class='ocrx_word' id='word_1_99' title='bbox 727 1080 949 1132; x_wconf 69' lang='grc' dir='ltr'><em>φρονέουσι</em></span> <span class='ocrx_word' id='word_1_100' title='bbox 985 1079 1058 1119; x_wconf 75' lang='grc' dir='ltr'>καί</span> <span class='ocrx_word' id='word_1_101' title='bbox 1089 1078 1230 1126; x_wconf 68' lang='grc' dir='ltr'><em>αὐτοῖς</em></span> <span class='ocrx_word' id='word_1_102' title='bbox 1247 1086 1401 1134; x_wconf 78' lang='lat' dir='ltr'>postea</span> <span class='ocrx_word' id='word_1_103' title='bbox 1419 1080 1648 1133; x_wconf 77' lang='lat' dir='ltr'>irrepsisse</span> <span class='ocrx_word' id='word_1_104' title='bbox 1667 1091 1744 1131; x_wconf 83' lang='lat' dir='ltr'>pu-</span> 
     </span>
     <span class='ocr_line' id='line_1_15' title="bbox 319 1146 1745 1202; baseline 0.003 -18"><span class='ocrx_word' id='word_1_105' title='bbox 319 1148 380 1185; x_wconf 87' lang='lat' dir='ltr'>tet</span> <span class='ocrx_word' id='word_1_106' title='bbox 421 1146 619 1198; x_wconf 82' lang='lat' dir='ltr'>equidem</span> <span class='ocrx_word' id='word_1_107' title='bbox 666 1160 754 1189; x_wconf 89' lang='lat' dir='ltr'>non</span> <span class='ocrx_word' id='word_1_108' title='bbox 788 1149 929 1190; x_wconf 90' lang='lat' dir='ltr'>uideo.</span> <span class='ocrx_word' id='word_1_109' title='bbox 996 1149 1090 1190; x_wconf 86' lang='lat' dir='ltr'>Iure</span> <span class='ocrx_word' id='word_1_110' title='bbox 1124 1155 1271 1191; x_wconf 91' lang='lat' dir='ltr'>autem</span> <span class='ocrx_word' id='word_1_111' title='bbox 1306 1163 1375 1191; x_wconf 93' lang='lat' dir='ltr'>uu.</span> <span class='ocrx_word' id='word_1_112' title='bbox 1410 1149 1497 1190; x_wconf 80' lang='lat'>210</span> <span class='ocrx_word' id='word_1_113' title='bbox 1530 1162 1592 1202; x_wconf 87' lang='lat' dir='ltr'>sq.</span> <span class='ocrx_word' id='word_1_114' title='bbox 1626 1159 1745 1189; x_wconf 91' lang='lat' dir='ltr'>uana</span> 
     </span>
     <span class='ocr_line' id='line_1_16' title="bbox 323 1215 1744 1270; baseline 0.002 -17"><span class='ocrx_word' id='word_1_115' title='bbox 323 1224 421 1254; x_wconf 88' lang='lat' dir='ltr'>esse</span> <span class='ocrx_word' id='word_1_116' title='bbox 454 1215 755 1257; x_wconf 83' lang='lat' dir='ltr'>additamenta</span> <span class='ocrx_word' id='word_1_117' title='bbox 788 1218 875 1258; x_wconf 86' lang='lat' dir='ltr'>iam</span> <span class='ocrx_word' id='word_1_118' title='bbox 909 1219 1047 1259; x_wconf 87' lang='lat' dir='ltr'>sensit</span> <span class='ocrx_word' id='word_1_119' title='bbox 1068 1219 1363 1270; x_wconf 85' lang='lat' dir='ltr'>Aristarchus,</span> <span class='ocrx_word' id='word_1_120' title='bbox 1399 1218 1468 1259; x_wconf 88' lang='lat' dir='ltr'>cui</span> <span class='ocrx_word' id='word_1_121' title='bbox 1491 1215 1744 1270; x_wconf 81' lang='lat' dir='ltr'>adstipulati</span> 
     </span>
     <span class='ocr_line' id='line_1_17' title="bbox 319 1284 1743 1341; baseline 0.003 -21"><span class='ocrx_word' id='word_1_122' title='bbox 319 1285 419 1322; x_wconf 84' lang='lat' dir='ltr'>sunt</span> <span class='ocrx_word' id='word_1_123' title='bbox 451 1284 691 1325; x_wconf 87' lang='lat' dir='ltr'>recentium</span> <span class='ocrx_word' id='word_1_124' title='bbox 725 1285 931 1339; x_wconf 90' lang='lat' dir='ltr'>plerique.</span> <span class='ocrx_word' id='word_1_125' title='bbox 987 1286 1111 1338; x_wconf 85' lang='lat' dir='ltr'>Quod</span> <span class='ocrx_word' id='word_1_126' title='bbox 1145 1288 1181 1328; x_wconf 86' lang='lat' dir='ltr'>si</span> <span class='ocrx_word' id='word_1_127' title='bbox 1215 1288 1309 1341; x_wconf 89' lang='lat' dir='ltr'>quis</span> <span class='ocrx_word' id='word_1_128' title='bbox 1344 1286 1628 1340; x_wconf 84' lang='lat' dir='ltr'>epimythium</span> <span class='ocrx_word' id='word_1_129' title='bbox 1667 1296 1743 1325; x_wconf 91' lang='lat' dir='ltr'>eos</span> 
     </span>
     <span class='ocr_line' id='line_1_18' title="bbox 321 1348 1744 1408; baseline 0.004 -19"><span class='ocrx_word' id='word_1_130' title='bbox 321 1348 455 1391; x_wconf 84' lang='lat' dir='ltr'>fuisse</span> <span class='ocrx_word' id='word_1_131' title='bbox 488 1356 608 1392; x_wconf 87' lang='lat' dir='ltr'>ratus</span> <span class='ocrx_word' id='word_1_132' title='bbox 642 1353 791 1394; x_wconf 88' lang='lat' dir='ltr'>sedem</span> <span class='ocrx_word' id='word_1_133' title='bbox 826 1355 888 1395; x_wconf 89' lang='lat' dir='ltr'>eis</span> <span class='ocrx_word' id='word_1_134' title='bbox 920 1361 1018 1407; x_wconf 90' lang='lat' dir='ltr'>post</span> <span class='ocrx_word' id='word_1_135' title='bbox 1052 1368 1091 1396; x_wconf 92' lang='lat' dir='ltr'>u.</span> <span class='ocrx_word' id='word_1_136' title='bbox 1125 1355 1209 1396; x_wconf 73' lang='lat'>212</span> <span class='ocrx_word' id='word_1_137' title='bbox 1243 1356 1465 1408; x_wconf 87' lang='lat' dir='ltr'>assignare</span> <span class='ocrx_word' id='word_1_138' title='bbox 1490 1355 1593 1406; x_wconf 90' lang='lat' dir='ltr'>uult,</span> <span class='ocrx_word' id='word_1_139' title='bbox 1629 1352 1744 1408; x_wconf 87' lang='lat' dir='ltr'>quod</span> 
     </span>
     <span class='ocr_line' id='line_1_19' title="bbox 319 1419 1744 1477; baseline 0.003 -17"><span class='ocrx_word' id='word_1_140' title='bbox 319 1419 628 1462; x_wconf 80' lang='lat' dir='ltr'>Schoemanno</span> <span class='ocrx_word' id='word_1_141' title='bbox 676 1426 787 1463; x_wconf 87' lang='lat' dir='ltr'>teste</span> <span class='ocrx_word' id='word_1_142' title='bbox 830 1422 1044 1466; x_wconf 85' lang='lat' dir='ltr'>Graeuius</span> <span class='ocrx_word' id='word_1_143' title='bbox 1091 1424 1346 1475; x_wconf 85' lang='lat' dir='ltr'>conabatur,</span> <span class='ocrx_word' id='word_1_144' title='bbox 1396 1437 1451 1466; x_wconf 91' lang='lat' dir='ltr'>ne</span> <span class='ocrx_word' id='word_1_145' title='bbox 1493 1425 1535 1465; x_wconf 90' lang='lat' dir='ltr'>id</span> <span class='ocrx_word' id='word_1_146' title='bbox 1569 1424 1744 1477; x_wconf 89' lang='lat' dir='ltr'>quidem</span> 
     </span>
     <span class='ocr_line' id='line_1_20' title="bbox 321 1486 1742 1546; baseline 0.004 -18"><span class='ocrx_word' id='word_1_147' title='bbox 321 1486 422 1529; x_wconf 87' lang='lat' dir='ltr'>ferri</span> <span class='ocrx_word' id='word_1_148' title='bbox 456 1486 609 1541; x_wconf 86' lang='lat' dir='ltr'>potest.</span> <span class='ocrx_word' id='word_1_149' title='bbox 645 1492 772 1543; x_wconf 87' lang='lat' dir='ltr'>quod,</span> <span class='ocrx_word' id='word_1_150' title='bbox 798 1492 1060 1546; x_wconf 82' lang='lat' dir='ltr'>simulatque</span> <span class='ocrx_word' id='word_1_151' title='bbox 1085 1492 1259 1534; x_wconf 88' lang='lat' dir='ltr'>fabulae</span> <span class='ocrx_word' id='word_1_152' title='bbox 1292 1493 1347 1534; x_wconf 91' lang='lat' dir='ltr'>ab</span> <span class='ocrx_word' id='word_1_153' title='bbox 1380 1494 1431 1535; x_wconf 91' lang='lat' dir='ltr'>iis</span> <span class='ocrx_word' id='word_1_154' title='bbox 1466 1492 1742 1544; x_wconf 87' lang='lat' dir='ltr'>adhibentur,</span> 
     </span>
     <span class='ocr_line' id='line_1_21' title="bbox 320 1558 1746 1615; baseline 0.003 -17"><span class='ocrx_word' id='word_1_155' title='bbox 320 1558 392 1609; x_wconf 87' lang='lat' dir='ltr'>qui</span> <span class='ocrx_word' id='word_1_156' title='bbox 425 1558 493 1599; x_wconf 91' lang='lat' dir='ltr'>uel</span> <span class='ocrx_word' id='word_1_157' title='bbox 527 1558 760 1602; x_wconf 88' lang='lat' dir='ltr'>defendere</span> <span class='ocrx_word' id='word_1_158' title='bbox 794 1574 841 1602; x_wconf 88' lang='lat' dir='ltr'>se</span> <span class='ocrx_word' id='word_1_159' title='bbox 874 1562 943 1603; x_wconf 87' lang='lat' dir='ltr'>uel</span> <span class='ocrx_word' id='word_1_160' title='bbox 977 1563 1151 1614; x_wconf 87' lang='lat' dir='ltr'>aggredi</span> <span class='ocrx_word' id='word_1_161' title='bbox 1185 1562 1373 1615; x_wconf 88' lang='lat' dir='ltr'>aliquem</span> <span class='ocrx_word' id='word_1_162' title='bbox 1396 1562 1544 1614; x_wconf 89' lang='lat' dir='ltr'>uelint,</span> <span class='ocrx_word' id='word_1_163' title='bbox 1579 1561 1746 1615; x_wconf 87' lang='lat' dir='ltr'>epimy-</span> 
     </span>
     <span class='ocr_line' id='line_1_22' title="bbox 317 1627 1746 1682; baseline 0.003 -14"><span class='ocrx_word' id='word_1_164' title='bbox 317 1627 456 1668; x_wconf 83' lang='lat' dir='ltr'>thium</span> <span class='ocrx_word' id='word_1_165' title='bbox 490 1641 577 1669; x_wconf 87' lang='lat' dir='ltr'>non</span> <span class='ocrx_word' id='word_1_166' title='bbox 610 1629 740 1670; x_wconf 89' lang='lat' dir='ltr'>modo</span> <span class='ocrx_word' id='word_1_167' title='bbox 774 1642 1154 1682; x_wconf 85' lang='lat' dir='ltr'>superuacaneum</span> <span class='ocrx_word' id='word_1_168' title='bbox 1193 1631 1270 1672; x_wconf 89' lang='lat' dir='ltr'>sed</span> <span class='ocrx_word' id='word_1_169' title='bbox 1311 1630 1543 1672; x_wconf 86' lang='lat' dir='ltr'>molestum</span> <span class='ocrx_word' id='word_1_170' title='bbox 1578 1642 1676 1672; x_wconf 86' lang='lat' dir='ltr'>esse</span> <span class='ocrx_word' id='word_1_171' title='bbox 1703 1634 1746 1672; x_wconf 90' lang='lat' dir='ltr'>et</span> 
     </span>
     <span class='ocr_line' id='line_1_23' title="bbox 320 1696 1747 1753; baseline 0.002 -17"><span class='ocrx_word' id='word_1_172' title='bbox 320 1696 571 1748; x_wconf 88' lang='lat' dir='ltr'>languidum</span> <span class='ocrx_word' id='word_1_173' title='bbox 604 1703 758 1749; x_wconf 89' lang='lat' dir='ltr'>sponte</span> <span class='ocrx_word' id='word_1_174' title='bbox 791 1704 923 1751; x_wconf 84' lang='lat' dir='ltr'>patet.</span> <span class='ocrx_word' id='word_1_175' title='bbox 959 1699 1099 1753; x_wconf 86' lang='lat' dir='ltr'>Atque</span> <span class='ocrx_word' id='word_1_176' title='bbox 1133 1700 1486 1753; x_wconf 88' lang='lat' dir='ltr'>antiquissimum</span> <span class='ocrx_word' id='word_1_177' title='bbox 1511 1700 1626 1753; x_wconf 90' lang='lat' dir='ltr'>quod</span> <span class='ocrx_word' id='word_1_178' title='bbox 1653 1699 1747 1753; x_wconf 89' lang='lat' dir='ltr'>qui-</span> 
     </span>
     <span class='ocr_line' id='line_1_24' title="bbox 322 1766 1746 1821; baseline 0.001 -14"><span class='ocrx_word' id='word_1_179' title='bbox 322 1767 420 1808; x_wconf 91' lang='lat' dir='ltr'>dem</span> <span class='ocrx_word' id='word_1_180' title='bbox 444 1767 646 1808; x_wconf 85' lang='lat' dir='ltr'>nouimus</span> <span class='ocrx_word' id='word_1_181' title='bbox 672 1766 920 1808; x_wconf 80' lang='lat' dir='ltr'>fabularum</span> <span class='ocrx_word' id='word_1_182' title='bbox 954 1768 1038 1809; x_wconf 92' lang='lat' dir='ltr'>hoc</span> <span class='ocrx_word' id='word_1_183' title='bbox 1072 1768 1319 1821; x_wconf 80' lang='lat' dir='ltr'>exemplum</span> <span class='ocrx_word' id='word_1_184' title='bbox 1353 1781 1440 1810; x_wconf 92' lang='lat' dir='ltr'>non</span> <span class='ocrx_word' id='word_1_185' title='bbox 1473 1769 1529 1809; x_wconf 88' lang='lat' dir='ltr'>ad</span> <span class='ocrx_word' id='word_1_186' title='bbox 1563 1771 1746 1809; x_wconf 89' lang='lat' dir='ltr'>cunctos</span> 
     </span>
     <span class='ocr_line' id='line_1_25' title="bbox 322 1835 1748 1890; baseline 0.002 -15"><span class='ocrx_word' id='word_1_187' title='bbox 322 1835 521 1876; x_wconf 89' lang='lat' dir='ltr'>homines</span> <span class='ocrx_word' id='word_1_188' title='bbox 556 1841 600 1877; x_wconf 90' lang='lat' dir='ltr'>ut</span> <span class='ocrx_word' id='word_1_189' title='bbox 634 1836 812 1888; x_wconf 85' lang='lat' dir='ltr'>uulgare</span> <span class='ocrx_word' id='word_1_190' title='bbox 845 1837 1023 1890; x_wconf 89' lang='lat' dir='ltr'>aliquod</span> <span class='ocrx_word' id='word_1_191' title='bbox 1055 1842 1338 1889; x_wconf 86' lang='lat' dir='ltr'>praeceptum</span> <span class='ocrx_word' id='word_1_192' title='bbox 1363 1842 1563 1889; x_wconf 88' lang='lat' dir='ltr'>spectare</span> <span class='ocrx_word' id='word_1_193' title='bbox 1587 1837 1664 1878; x_wconf 88' lang='lat' dir='ltr'>sed</span> <span class='ocrx_word' id='word_1_194' title='bbox 1690 1836 1748 1878; x_wconf 91' lang='lat' dir='ltr'>ad</span> 
     </span>
     <span class='ocr_line' id='line_1_26' title="bbox 325 1903 1747 1958; baseline 0.001 -14"><span class='ocrx_word' id='word_1_195' title='bbox 325 1903 501 1945; x_wconf 85' lang='lat' dir='ltr'>fratrem</span> <span class='ocrx_word' id='word_1_196' title='bbox 535 1905 744 1958; x_wconf 78' lang='lat' dir='ltr'>perfidum</span> <span class='ocrx_word' id='word_1_197' title='bbox 778 1906 1049 1958; x_wconf 83' lang='lat' dir='ltr'>iniustosque</span> <span class='ocrx_word' id='word_1_198' title='bbox 1083 1905 1248 1946; x_wconf 87' lang='lat' dir='ltr'>iudices</span> <span class='ocrx_word' id='word_1_199' title='bbox 1283 1906 1428 1946; x_wconf 85' lang='lat' dir='ltr'>acrius</span> <span class='ocrx_word' id='word_1_200' title='bbox 1451 1905 1747 1958; x_wconf 85' lang='lat' dir='ltr'>perstringen-</span> 
     </span>
     <span class='ocr_line' id='line_1_27' title="bbox 323 1973 1749 2027; baseline -0.001 -12"><span class='ocrx_word' id='word_1_201' title='bbox 323 1976 401 2016; x_wconf 91' lang='lat' dir='ltr'>dos</span> <span class='ocrx_word' id='word_1_202' title='bbox 437 1988 462 2015; x_wconf 93' lang='lat' dir='ltr'>a</span> <span class='ocrx_word' id='word_1_203' title='bbox 500 1981 629 2027; x_wconf 82' lang='lat' dir='ltr'>poeta</span> <span class='ocrx_word' id='word_1_204' title='bbox 668 1986 765 2015; x_wconf 85' lang='lat' dir='ltr'>esse</span> <span class='ocrx_word' id='word_1_205' title='bbox 808 1979 1065 2027; x_wconf 83' lang='lat' dir='ltr'>usurpatum</span> <span class='ocrx_word' id='word_1_206' title='bbox 1100 1973 1385 2015; x_wconf 90' lang='lat' dir='ltr'>memorabile</span> <span class='ocrx_word' id='word_1_207' title='bbox 1425 1978 1501 2015; x_wconf 82' lang='lat' dir='ltr'>est.</span> <span class='ocrx_word' id='word_1_208' title='bbox 1566 1973 1749 2026; x_wconf 88' lang='lat' dir='ltr'>Propter</span> 
     </span>
     <span class='ocr_line' id='line_1_28' title="bbox 323 2040 1749 2096; baseline -0.001 -12"><span class='ocrx_word' id='word_1_209' title='bbox 323 2044 445 2085; x_wconf 90' lang='lat' dir='ltr'>uocis</span> <span class='ocrx_word' id='word_1_210' title='bbox 492 2043 676 2096; x_wconf 89' lang='lat' dir='ltr'>denique</span> <span class='ocrx_word' id='word_1_211' title='bbox 720 2043 906 2084; x_wconf 83' lang='lat' dir='ltr'>formam</span> <span class='ocrx_word' id='word_1_212' title='bbox 948 2040 1039 2092; x_wconf 71' lang='grc' dir='ltr'>ῖρνξ</span> <span class='ocrx_word' id='word_1_213' title='bbox 1071 2042 1221 2095; x_wconf 87' lang='lat' dir='ltr'>psilosi</span> <span class='ocrx_word' id='word_1_214' title='bbox 1255 2042 1403 2083; x_wconf 87' lang='lat' dir='ltr'>Ionica</span> <span class='ocrx_word' id='word_1_215' title='bbox 1435 2042 1651 2094; x_wconf 85' lang='lat' dir='ltr'>insignem</span> <span class='ocrx_word' id='word_1_216' title='bbox 1685 2040 1749 2083; x_wconf 86' lang='lat' dir='ltr'>fa-</span> 
     </span>
     <span class='ocr_line' id='line_1_29' title="bbox 324 2110 1747 2164; baseline -0.001 -12"><span class='ocrx_word' id='word_1_217' title='bbox 324 2113 471 2153; x_wconf 85' lang='lat' dir='ltr'>bulam</span> <span class='ocrx_word' id='word_1_218' title='bbox 515 2113 629 2153; x_wconf 88' lang='lat' dir='ltr'>hanc</span> <span class='ocrx_word' id='word_1_219' title='bbox 672 2112 727 2153; x_wconf 89' lang='lat' dir='ltr'>ab</span> <span class='ocrx_word' id='word_1_220' title='bbox 769 2111 948 2153; x_wconf 85' lang='lat' dir='ltr'>Ionibus</span> <span class='ocrx_word' id='word_1_221' title='bbox 992 2111 1178 2153; x_wconf 87' lang='lat' dir='ltr'>Ascram</span> <span class='ocrx_word' id='word_1_222' title='bbox 1221 2110 1462 2164; x_wconf 77' lang='lat' dir='ltr'>profectam</span> <span class='ocrx_word' id='word_1_223' title='bbox 1498 2123 1595 2152; x_wconf 86' lang='lat' dir='ltr'>esse</span> <span class='ocrx_word' id='word_1_224' title='bbox 1628 2110 1747 2152; x_wconf 85' lang='lat' dir='ltr'>haud</span> 
     </span>
     <span class='ocr_line' id='line_1_30' title="bbox 325 2179 1054 2232; baseline 0.003 -12"><span class='ocrx_word' id='word_1_225' title='bbox 325 2181 468 2232; x_wconf 87' lang='lat' dir='ltr'>inepte</span> <span class='ocrx_word' id='word_1_226' title='bbox 502 2180 608 2220; x_wconf 88' lang='lat' dir='ltr'>mihi</span> <span class='ocrx_word' id='word_1_227' title='bbox 641 2180 792 2221; x_wconf 89' lang='lat' dir='ltr'>uideor</span> <span class='ocrx_word' id='word_1_228' title='bbox 825 2179 1054 2232; x_wconf 90' lang='lat' dir='ltr'>suspicari.</span> 
     </span>
    </p>

    <p class='ocr_par' dir='ltr' id='par_1_3' title="bbox 325 2246 1750 2440">
     <span class='ocr_line' id='line_1_31' title="bbox 416 2246 1750 2300; baseline -0.001 -11"><span class='ocrx_word' id='word_1_229' title='bbox 416 2248 640 2300; x_wconf 85' lang='lat' dir='ltr'>Temporis</span> <span class='ocrx_word' id='word_1_230' title='bbox 674 2247 799 2289; x_wconf 86' lang='lat' dir='ltr'>nobis</span> <span class='ocrx_word' id='word_1_231' title='bbox 834 2248 1079 2289; x_wconf 82' lang='lat' dir='ltr'>decursum·</span> <span class='ocrx_word' id='word_1_232' title='bbox 1100 2246 1382 2300; x_wconf 86' lang='lat' dir='ltr'>sequentibus</span> <span class='ocrx_word' id='word_1_233' title='bbox 1415 2246 1642 2288; x_wconf 89' lang='lat' dir='ltr'>adeundus</span> <span class='ocrx_word' id='word_1_234' title='bbox 1685 2249 1750 2287; x_wconf 85' lang='lat' dir='ltr'>est</span> 
     </span>
     <span class='ocr_line' id='line_1_32' title="bbox 325 2312 1749 2369; baseline -0.001 -12"><span class='ocrx_word' id='word_1_235' title='bbox 325 2316 629 2358; x_wconf 78' lang='lat' dir='ltr'>Archilochus.</span> <span class='ocrx_word' id='word_1_236' title='bbox 666 2316 798 2358; x_wconf 86' lang='lat' dir='ltr'>Cuius</span> <span class='ocrx_word' id='word_1_237' title='bbox 832 2317 944 2358; x_wconf 86' lang='lat' dir='ltr'>inter</span> <span class='ocrx_word' id='word_1_238' title='bbox 979 2316 1222 2369; x_wconf 88' lang='lat' dir='ltr'>fragmenta</span> <span class='ocrx_word' id='word_1_239' title='bbox 1243 2315 1493 2357; x_wconf 87' lang='lat' dir='ltr'>Huschkius</span> <span class='ocrx_word' id='word_1_240' title='bbox 1510 2312 1540 2369; x_wconf 89' lang='lat'>¹)</span> <span class='ocrx_word' id='word_1_241' title='bbox 1574 2319 1616 2356; x_wconf 91' lang='lat' dir='ltr'>et</span> <span class='ocrx_word' id='word_1_242' title='bbox 1641 2314 1749 2356; x_wconf 88' lang='lat' dir='ltr'>Gra-</span> 
     </span>
     <span class='ocr_line' id='line_1_33' title="bbox 326 2384 1744 2440; baseline -0.001 -15"><span class='ocrx_word' id='word_1_243' title='bbox 326 2390 474 2427; x_wconf 84' lang='lat' dir='ltr'>uertus</span> <span class='ocrx_word' id='word_1_244' title='bbox 490 2384 520 2440; x_wconf 73' lang='lat'>2)</span> <span class='ocrx_word' id='word_1_245' title='bbox 560 2387 744 2426; x_wconf 89' lang='lat' dir='ltr'>duarum</span> <span class='ocrx_word' id='word_1_246' title='bbox 767 2384 1014 2426; x_wconf 87' lang='lat' dir='ltr'>fabularum</span> <span class='ocrx_word' id='word_1_247' title='bbox 1040 2385 1246 2438; x_wconf 87' lang='lat' dir='ltr'>reliquias</span> <span class='ocrx_word' id='word_1_248' title='bbox 1269 2384 1456 2425; x_wconf 89' lang='lat' dir='ltr'>inueniri</span> <span class='ocrx_word' id='word_1_249' title='bbox 1479 2387 1744 2434; x_wconf 86' lang='lat' dir='ltr'>statuerunt;</span> 
     </span>
    </p>
   </div>
   <div class='ocr_carea' id='block_1_3' title="bbox 327 2488 1748 2708">
    <p class='ocr_par' dir='ltr' id='par_1_4' title="bbox 327 2488 1748 2652">
     <span class='ocr_line' id='line_1_34' title="bbox 428 2488 1748 2537; baseline -0.003 -10"><span class='ocrx_word' id='word_1_250' title='bbox 428 2493 451 2537; x_wconf 80' lang='lat'>¹)</span> <span class='ocrx_word' id='word_1_251' title='bbox 479 2493 632 2527; x_wconf 82' lang='lat' dir='ltr'>Dissert.</span> <span class='ocrx_word' id='word_1_252' title='bbox 669 2492 712 2526; x_wconf 89' lang='lat' dir='ltr'>de</span> <span class='ocrx_word' id='word_1_253' title='bbox 747 2491 883 2526; x_wconf 87' lang='lat' dir='ltr'>fabulis</span> <span class='ocrx_word' id='word_1_254' title='bbox 909 2491 1131 2533; x_wconf 87' lang='lat' dir='ltr'>Archilochi,</span> <span class='ocrx_word' id='word_1_255' title='bbox 1166 2503 1258 2536; x_wconf 84' lang='lat' dir='ltr'>quae</span> <span class='ocrx_word' id='word_1_256' title='bbox 1285 2491 1462 2537; x_wconf 80' lang='lat' dir='ltr'>impressa</span> <span class='ocrx_word' id='word_1_257' title='bbox 1498 2488 1685 2524; x_wconf 81' lang='lat' dir='ltr'>inuenitur</span> <span class='ocrx_word' id='word_1_258' title='bbox 1710 2488 1748 2523; x_wconf 88' lang='lat' dir='ltr'>in</span> 
     </span>
     <span class='ocr_line' id='line_1_35' title="bbox 327 2545 1747 2595; baseline -0.003 -11"><span class='ocrx_word' id='word_1_259' title='bbox 327 2549 520 2585; x_wconf 83' lang='lat' dir='ltr'>Matthiaei</span> <span class='ocrx_word' id='word_1_260' title='bbox 546 2549 698 2583; x_wconf 84' lang='lat' dir='ltr'>miscell.</span> <span class='ocrx_word' id='word_1_261' title='bbox 725 2549 850 2595; x_wconf 88' lang='lat' dir='ltr'>philol.</span> <span class='ocrx_word' id='word_1_262' title='bbox 878 2549 903 2583; x_wconf 87' lang='grc' dir='ltr'>Ι.</span> <span class='ocrx_word' id='word_1_263' title='bbox 930 2562 963 2595; x_wconf 88' lang='lat' dir='ltr'>p.</span> <span class='ocrx_word' id='word_1_264' title='bbox 983 2551 1027 2584; x_wconf 82' lang='lat'>23</span> <span class='ocrx_word' id='word_1_265' title='bbox 1047 2560 1125 2594; x_wconf 89' lang='lat' dir='ltr'>sqq.</span> <span class='ocrx_word' id='word_1_266' title='bbox 1141 2551 1178 2583; x_wconf 82' lang='lat' dir='ltr'>et</span> <span class='ocrx_word' id='word_1_267' title='bbox 1191 2549 1244 2583; x_wconf 87' lang='lat' dir='ltr'>De</span> <span class='ocrx_word' id='word_1_268' title='bbox 1264 2547 1395 2583; x_wconf 85' lang='lat' dir='ltr'>Furiae</span> <span class='ocrx_word' id='word_1_269' title='bbox 1414 2547 1486 2582; x_wconf 84' lang='lat' dir='ltr'>fab.</span> <span class='ocrx_word' id='word_1_270' title='bbox 1506 2547 1638 2592; x_wconf 81' lang='lat' dir='ltr'>Aesop.</span> <span class='ocrx_word' id='word_1_271' title='bbox 1660 2545 1747 2580; x_wconf 80' lang='lat' dir='ltr'>edit.</span> 
     </span>
     <span class='ocr_line' id='line_1_36' title="bbox 327 2606 601 2652; baseline -0.004 -11"><span class='ocrx_word' id='word_1_272' title='bbox 327 2620 360 2652; x_wconf 85' lang='lat' dir='ltr'>p.</span> <span class='ocrx_word' id='word_1_273' title='bbox 389 2606 498 2641; x_wconf 75' lang='lat' dir='ltr'>CCIV</span> <span class='ocrx_word' id='word_1_274' title='bbox 524 2618 601 2651; x_wconf 86' lang='lat' dir='ltr'>sqq.</span> 
     </span>
    </p>

    <p class='ocr_par' dir='ltr' id='par_1_5' title="bbox 426 2663 694 2708">
     <span class='ocr_line' id='line_1_37' title="bbox 426 2663 694 2708; baseline 0.004 -11"><span class='ocrx_word' id='word_1_275' title='bbox 426 2663 452 2708; x_wconf 68' lang='grc'>2)</span> <span class='ocrx_word' id='word_1_276' title='bbox 480 2663 501 2697; x_wconf 87' lang='lat' dir='ltr'>l.</span> <span class='ocrx_word' id='word_1_277' title='bbox 529 2663 551 2697; x_wconf 89' lang='lat' dir='ltr'>l.</span> <span class='ocrx_word' id='word_1_278' title='bbox 578 2676 611 2708; x_wconf 81' lang='lat' dir='ltr'>p.</span> <span class='ocrx_word' id='word_1_279' title='bbox 643 2666 694 2698; x_wconf 78' lang='lat'>14.</span> 
     </span>
    </p>
   </div>
  </div>
 </body>
</html>
