1863 3043
835 133 879 167 65

149 230 301 271 eodem
335 235 530 282 tempore
564 243 648 282 quo
683 230 862 270 caedem
899 230 1026 270 istam
1063 229 1239 281 Delphis
1276 228 1437 270 factam
1473 241 1570 270 esse

150 303 384 346 constaret,
419 298 692 350 eundemque
726 298 813 338 iam
848 303 938 338 tum
973 310 1072 338 cum
1107 296 1227 339 Sami
1274 298 1455 338 seruiret
1491 311 1568 339 ua—

149 366 282 408 luisse
333 366 600 419 aliquantum
656 366 814 408 fabulis
866 367 1100 408 narrandis
1154 371 1228 407 aut
1280 367 1568 407 inueniendis.

149 435 274 476 Nunc
320 440 464 477 autem
510 447 639 488 quam
674 435 770 477 leue
805 441 846 477 et
881 435 1018 476 futtile
1051 436 1106 476 sit
1139 436 1231 476 eius
1266 439 1568 487 argumentum

150 503 391 545 uideamus.
456 503 597 544 Verba
640 505 754 544 enim
791 498 919 549 ἄλλος
951 502 1025 549 μὲν
1059 499 1192 549 οὐδείς
1223 500 1350 553 ἐφάνη
1385 515 1571 556 sequen—

151 572 264 613 tibus
306 567 523 618 Ἰάδμονος
557 570 600 609 δὲ
630 570 778 616 παιδὸς
818 587 857 610 π.
890 568 927 610 ἀ.
956 570 995 611 Ἰ.
1028 569 1062 610 ἆ.
1109 583 1316 624 expresse
1369 573 1570 624 opposita

149 653 236 680 non
269 651 435 680 meram
471 651 568 680 esse
602 641 848 681 sententiae
873 640 1260 692 amplificationem
1286 641 1327 680 in
1353 641 1437 681 hac
1462 641 1571 681 dun-

149 712 273 748 taxat
325 708 563 748 constricta
619 708 869 748 narratione
921 708 1107 759 primum
1162 709 1440 749 statuendum
1491 713 1569 751 est.

150 776 261 826 Quid
294 775 426 816 alium
461 781 717 827 exspectare
751 780 826 816 aut
859 776 1038 829 omnipo
1063 776 1115 816 de
1137 775 1223 817 alio
1243 776 1436 827 cogitare
1459 789 1569 829 opus

151 849 256 895 erat,
306 845 341 885 si
369 844 603 897 Aesopum.
649 856 776 896 quem
822 844 931 885 inter
965 844 1189 885 Iadmonis
1224 845 1403 885 maioris
1437 844 1571 886 fuisse

151 925 303 954 seruos
338 913 478 954 minor
511 912 785 964 probauerat.
831 912 1094 964 Delphorum
1130 913 1383 954 sacerdotes
1416 926 1571 955 reuera

152 993 250 1022 eum
286 981 420 1022 fuisse
455 981 674 1033 extemplo
707 980 789 1021 sihi
808 981 1145 1032 persuasissent.
1172 982 1242 1034 qui
1266 983 1571 1035 antiquissimo

153 1050 342 1102 quodam
376 1054 572 1102 tempore
606 1062 693 1090 una
726 1062 825 1090 cum
860 1050 1073 1101 sanguine
1099 1050 1343 1091 fabularum
1377 1051 1463 1092 illic
1486 1053 1573 1105 pri-

155 1131 270 1159 mum
307 1117 532 1171 reliquisse
570 1118 731 1158 samam
767 1117 1055 1158 tradebatur?
1095 1118 1229 1159 Cuius
1264 1131 1362 1159 cum
1396 1120 1573 1172 propin-

152 1200 262 1239 quus
296 1191 370 1227 aut
402 1186 559 1238 proles,
595 1186 664 1239 qui
702 1186 870 1226 idoneis
905 1185 1050 1227 allatis
1095 1187 1279 1228 testibus
1324 1188 1413 1228 iure
1456 1189 1573 1229 acci-

151 1259 272 1307 peret
307 1267 506 1307 poenam,
543 1254 701 1295 frustra
725 1253 995 1306 aliquamdiu
1018 1259 1297 1307 exspectatus
1323 1261 1458 1297 esset:
1494 1269 1573 1297 nu-

151 1324 255 1364 mini
288 1328 334 1364 ut
381 1327 530 1364 tamen
573 1322 884 1364 satisfacerent
928 1323 1095 1375 ipsique
1139 1336 1268 1376 quam
1303 1325 1489 1376 primum
1524 1325 1572 1365 li-

151 1392 407 1433 berarentur
441 1391 641 1432 miseriis.
677 1391 825 1432 datam
860 1391 1032 1431 demum
1070 1404 1167 1431 esse
1201 1391 1394 1433 Iadmoni
1416 1393 1570 1434 minori

152 1460 281 1511 illam7
316 1460 385 1501 cui
408 1472 615 1512 prospere
640 1460 896 1511 contigerat‚
932 1464 977 1500 ut
996 1461 1213 1501 excitatus
1237 1460 1448 1514 frequenti
1474 1474 1573 1502 ora-

151 1529 233 1569 culi
284 1529 603 1570 renuntiatione
658 1540 832 1569 seruum
881 1529 1098 1581 quendam
1151 1530 1315 1570 auitum
1365 1534 1571 1570 uocatum

153 1608 249 1639 esse
282 1596 500 1649 Aesopum
534 1598 808 1649 comperiret.
842 1597 1036 1649 Accepta
1074 1597 1198 1649 igitur
1231 1598 1406 1638 demum
1440 1610 1573 1650 pecu-

152 1665 225 1706 nia
258 1663 392 1706 fuisse
425 1666 495 1706 aui
529 1666 592 1706 sui
629 1678 805 1707 seruum
823 1665 1045 1717 Aesopum
1079 1664 1150 1703 τόν
1182 1663 1416 1715 λογοποιόν,
1449 1667 1572 1707 cuius

152 1733 429 1775 desiderabat
462 1734 688 1775 oraculum
722 1734 988 1786 propinquos
1023 1733 1217 1784 adipisci.
1268 1733 1357 1784 ipse
1391 1733 1570 1775 Iadmon

153 1801 330 1843 credere
364 1802 518 1854 coepit.

241 1870 295 1910 At
313 1871 427 1911 enim
462 1871 575 1923 quod
610 1883 739 1923 nemo
763 1871 940 1923 Delphis
962 1870 1205 1922 comparuit
1223 1870 1294 1922 qui
1319 1883 1417 1910 cum
1442 1871 1573 1912 inter-

153 1942 299 1990 empto
331 1939 652 1991 propinquitate
687 1938 1045 1989 coniungebatim
1082 1949 1226 1978 nonne
1259 1949 1313 1977 ne
1338 1937 1456 1979 illum
1480 1940 1572 1992 qui—

153 2006 250 2047 dem
285 2019 475 2060 unquam
525 2007 657 2049 fuisse
704 2005 1014 2060 suspicemur?
1066 2005 1257 2046 Minime.
1307 2005 1419 2046 Nam
1471 2008 1572 2060 quia

154 2074 271 2115 illum
314 2086 366 2116 ex
410 2080 575 2115 remota
614 2075 759 2128 aliqua
794 2075 926 2116 Asiae
959 2074 1140 2117 minoris
1174 2074 1349 2125 regione
1383 2074 1572 2127 Delphos

155 2143 257 2184 olim
289 2144 464 2184 uenisse
497 2156 629 2196 supra
664 2144 902 2185 indicatum
927 2147 1005 2193 est,
1042 2142 1246 2183 facillime
1265 2142 1354 2183 fieri
1377 2144 1572 2195 potuisse

154 2211 383 2261 concedes,
434 2216 491 2261 ut,
538 2212 711 2252 etiamsi
754 2212 849 2264 quis
891 2211 1007 2252 domi
1042 2210 1232 2263 reliquus
1267 2214 1360 2251 erat
1393 2222 1445 2251 ex
1479 2211 1572 2252 eius

154 2279 286 2331 stirpe
319 2279 540 2320 oriundus.
591 2279 645 2319 ab
680 2279 763 2320 hoc
798 2279 1070 2330 ignoraretur
1112 2277 1375 2330 Delphorum
1418 2291 1573 2320 oracu-

154 2346 255 2387 lum.
290 2346 380 2388 Nec
413 2359 517 2388 uero
549 2348 663 2399 quod
699 2359 807 2387 unus
829 2350 999 2386 tantum
1017 2346 1242 2387 Iadmonis
1267 2357 1400 2398 opera
1422 2347 1574 2389 inuen-

153 2419 222 2455 tus
256 2418 334 2466 est,
369 2415 455 2468 qui,
491 2427 757 2467 quamquam
792 2427 879 2455 non
914 2414 948 2455 is
982 2413 1211 2454 habendus
1245 2418 1338 2455 erat
1371 2415 1442 2467 qui
1476 2414 1573 2456 Del-

154 2482 251 2534 phis
284 2483 458 2534 interiit,
503 2495 738 2524 commune
770 2487 918 2524 tamen
953 2495 1051 2523 cum
1086 2494 1138 2524 eo
1171 2481 1364 2523 habebat
1396 2495 1570 2535 nomen,

155 2550 311 2591 mirum
360 2562 458 2592 esse
510 2555 654 2603 potest
702 2551 918 2603 reputanti
975 2551 1248 2592 rarissimum
1299 2549 1433 2592 fuisse
1480 2555 1569 2592 tota

155 2618 412 2670 antiquitate
459 2618 542 2659 hoc
586 2631 758 2660 nomen.
825 2619 947 2669 Quod
994 2631 1073 2660 nos
1117 2619 1198 2659 nisi
1245 2619 1286 2658 in
1327 2619 1410 2660 hoc
1444 2630 1572 2708 seruo
