1937 3032
976 144 1017 177 10

378 242 608 282 Praeterea
648 240 694 280 fr.
732 239 788 279 90
821 244 857 279 el
895 239 945 279 91
974 239 1157 280 alicuius
1182 239 1386 292 reliquias
1411 251 1508 280 6556
1534 238 1706 281 fabulae

283 315 475 363 apparet.
512 321 623 361 quae
658 308 751 347 livet
791 307 845 347 all
882 306 927 347 fr.
964 306 1019 347 89
1054 319 1253 356 1·6111·)(·65;
1295 307 1372 348 sed
1406 307 1579 348 aliunde
1613 320 1706 348 ma-

284 391 413 419 nasse
433 390 570 430 aeque
595 375 800 417 credibile
819 380 895 423 est7
931 376 1187 427 praesertim
1227 389 1339 418 cum.
1375 377 1418 416 id
1438 376 1552 429 quod
1577 376 1707 427 Berg-

284 447 377 486 kius
412 447 502 498 ipse
537 445 607 486 iad
645 445 690 484 i'r.
727 444 808 495 89>
843 443 987 484 uerbis
1012 444 1139 484 nixus
1162 444 1363 485 Aristidis
1383 443 1415 484 II
1440 443 1524 484 398
1558 442 1703 497 (Phot.

285 514 381 554 bibl.
418 513 500 553 4:137
518 514 568 554 Hi
604 511 885 564 probabiliter
919 512 1118 553 coniecit.
1155 512 1401 565 complures
1437 510 1626 563 fabulas,
1662 513 1706 553 in

282 583 435 635 quibus
470 582 595 621 simia
633 585 773 633 parles
809 580 978 627 agebat.
1014 580 1305 622 Archilochus
1338 581 1540 622 uideatur
1572 581 1707 621 tradi-

283 651 411 691 disse.

370 718 503 759 Porro
537 730 588 757 ex
624 717 915 758 Archilochea
950 717 1141 770 quadam
1178 716 1324 758 fabula
1364 716 1541 759 fluxisse
1575 718 1707 770 Berg-

282 787 376 827 kius
412 786 492 828 lad
528 786 574 826 t'r.
611 785 692 827 86)
728 786 855 826 docet
889 786 1022 826 etiam
1058 784 1104 826 fr.
1132 785 1185 826 39
1210 789 1251 826 et
1273 784 1368 826 131.
1404 786 1495 827 Hoc
1529 787 1706 839 quidem

283 855 382 895 olim
417 855 471 896 ad
506 854 895 895 narratiunculam.
947 866 1058 907 quae
1105 858 1169 895 est
1204 853 1288 895 fab.
1324 854 1481 906 Aesop.
1520 854 1604 896 180
1637 856 1702 898 ed.

283 923 436 964 Halm..
488 922 648 964 referre
691 922 945 964 conabatur.
1002 922 1224 963 Numuero
1259 934 1312 963 ea
1346 920 1494 964 fabula
1526 923 1706 965 omnino

282 995 345 1031 est
358 995 378 1030 ἶ)
412 990 577 1032 Mutata
612 991 766 1032 deinde
806 991 1020 1032 sententia
1044 991 1099 1031 ad
1133 989 1325 1032 fabulam
1347 989 1540 1042 confugit
1562 991 1703 1032 Halm.

285 1060 385 1100 183:
422 1059 671 1111 scrulmlum
706 1064 864 1110 autem7
901 1071 1029 1112 quem
1063 1059 1242 1111 elephas
1276 1063 1319 1100 et
1337 1058 1533 1100 camelus
1556 1063 1707 1112 utpote

281 1128 531 1169 Archilochi
565 1127 834 1180 tempmibus
869 1128 1061 1168 nondum
1095 1132 1185 1168 tam
1218 1128 1322 1176 noti7
1358 1132 1403 1168 ut
1436 1132 1582 1180 partes
1626 1128 1705 1169 ali-

282 1209 389 1249 quas
424 1198 466 1237 in
492 1195 649 1237 fabulis
673 1195 881 1245 subirent7
917 1195 974 1236 illi
1010 1195 1233 1245 creabant,
1269 1196 1413 1237 delere
1446 1195 1527 1237 sibi
1560 1197 1708 1238 studet

281 1265 446 1317 prolata
495 1265 704 1305 audacter
737 1264 972 1305 sententia:
1030 1263 1261 1316 apologum
1295 1264 1410 1305 hunc
1445 1265 1488 1305 in
1521 1264 1705 1318 Libyca-

281 1347 375 1374 rum
412 1332 657 1374 fabularum
683 1345 914 1373 numerum
940 1344 1037 1373 esse
1061 1330 1350 1373 referendum.
1391 1332 1453 1373 En
1477 1345 1609 1386 quam
1630 1346 1708 1386 op-

281 1406 466 1454 portuno
500 1401 559 1441 illi
593 1401 805 1442 succurrit
847 1404 1044 1453 tempore
1086 1401 1274 1442 nominis
1315 1401 1443 1442 huius
1477 1402 1703 1453 memoria,

281 1470 395 1523 quod
429 1473 639 1522 quantum
671 1468 819 1510 ualeat
851 1470 944 1522 ipse
978 1470 1194 1520 ignorauit
1207 1467 1250 1523 ¹).
1315 1469 1367 1510 At
1402 1481 1456 1511 ne
1478 1470 1590 1511 haec
1612 1470 1709 1524 qui-

281 1539 378 1579 dem
412 1539 504 1579 eius
538 1538 728 1579 constitit
763 1538 922 1590 opinio⁷
973 1538 1050 1579 sed
1089 1537 1303 1579 delabitur
1334 1538 1513 1579 tandem
1546 1538 1616 1580 ille
1649 1539 1707 1580 ad

283 1606 365 1647 fab.
402 1605 528 1647 Babr.
565 1606 633 1649 05,
668 1606 813 1647 Halm.
850 1607 913 1647 ed.
948 1606 1046 1657 243,
1082 1607 1151 1647 cui
1185 1620 1273 1648 non
1306 1607 1366 1648 ita
1398 1607 1510 1648 bene
1544 1619 1708 1649 conue-

281 1675 373 1715 nire
408 1687 459 1716 ea
493 1675 628 1716 uerba
662 1675 755 1727 ipse
789 1675 932 1716 sentit.
970 1674 1054 1717 Sed
1088 1675 1285 1725 alicuius,
1321 1676 1401 1716 etsi
1422 1675 1563 1728 ipsam
1584 1676 1705 1728 igno-

281 1756 442 1793 ramus,
493 1742 668 1784 fabulae
704 1742 932 1783 frustulum
967 1755 1064 1785 esse
1099 1742 1146 1784 fr.
1185 1742 1265 1784 131
1303 1743 1487 1795 Bergkio
1519 1743 1707 1796 largien-

282 1813 382 1852 dum
426 1823 533 1852 sane
578 1815 654 1852 est.
697 1811 847 1852 Eidem
893 1810 941 1852 fr.
977 1812 1033 1852 39
1067 1811 1242 1854 fabulae
1276 1812 1459 1853 alicuius
1493 1824 1591 1853 esse
1623 1813 1705 1854 ini-

281 1881 387 1921 tium
422 1881 636 1921 concedat
670 1881 900 1933 quispiam.
937 1880 1214 1934 Quamquam
1239 1881 1396 1934 prioris
1429 1893 1584 1923 uersus
1618 1894 1704 1923 uox

286 1945 382 1996 ιῖμῐν
400 1948 721 2001 uerborumque
742 1949 869 2001 copia
887 1961 972 2002 qua
1006 1953 1158 1990 taurus
1177 1949 1247 1990 ille
1270 1949 1520 1991 accuratius
1542 1950 1708 1991 descri-

281 2016 395 2057 bitur
442 2016 615 2058 fabulae
656 2018 815 2058 rationi
849 2023 939 2058 tam
973 2030 1129 2070 parum
1169 2018 1446 2069 conueniunt,
1496 2022 1543 2059 ut
1574 2018 1707 2071 plane

281 2098 442 2126 nouam
476 2086 531 2126 ad
564 2099 776 2139 suamque
810 2087 945 2139 ipsius
981 2099 1162 2128 causam
1209 2087 1433 2128 inuentam
1468 2091 1510 2128 et
1543 2086 1705 2129 forma-

281 2158 371 2194 tam
406 2154 471 2194 his
503 2159 679 2206 poetam
714 2155 949 2196 incohasse
983 2154 1195 2196 arbitrere
1228 2154 1386 2196 uerbis.
1454 2155 1558 2196 Mihi
1598 2167 1705 2198 uero

281 2223 582 2263 tantummodo
629 2223 970 2275 comparationis
1005 2223 1282 2276 superstitem
1314 2228 1485 2276 partem
1519 2236 1572 2265 ea
1605 2236 1705 2267 esse

281 2289 416 2330 uerba
449 2290 652 2331 habenda
684 2292 862 2343 pronior
895 2296 960 2332 est
993 2292 1151 2344 opinio.
1187 2291 1278 2333 [am
1312 2291 1446 2334 multo
1474 2292 1616 2334 minor
1639 2297 1704 2334 est

282 2359 333 2398 (16
369 2357 416 2398 fr.
455 2357 551 2407 1017
588 2358 684 2404 102,
723 2359 804 2400 137
839 2359 1052 2401 dubitatio
1086 2361 1188 2412 quin
1221 2361 1307 2401 sint
1340 2373 1366 2401 a
1400 2359 1557 2402 fabulis
1595 2364 1702 2402 orta.

283 2425 519 2478 Praecipue
554 2425 601 2466 fr.
640 2426 721 2467 137
757 2429 950 2481 quisquis
985 2428 1146 2480 legerit,
1202 2429 1241 2469 ei
1274 2428 1473 2482 exemplo
1507 2429 1550 2469 in
1583 2440 1705 2470 men—

281 2499 371 2534 tum
405 2494 554 2535 uenire
588 2507 769 2537 necesse
804 2501 869 2537 est
903 2495 1078 2538 fabulae
1111 2496 1180 2548 36,
1215 2497 1389 2538 etiamsi
1423 2496 1525 2538 illud
1552 2495 1707 2547 μοχθί-

387 2635 411 2678 ¹)
441 2634 494 2668 De
521 2635 669 2681 Libycis
695 2648 786 2681 quae
814 2637 984 2671 dicuntur
1009 2637 1145 2672 sabulis
1169 2638 1253 2672 uide
1279 2638 1374 2672 infra
1400 2650 1433 2684 p.
1462 2640 1504 2674 77
1532 2649 1608 2683 sqq.
