1854 3017
932 225 976 259 70

241 323 383 374 Atque
427 322 537 362 adeo
580 321 635 362 ab
685 321 777 373 ipso
811 322 985 373 Aesopo
1019 322 1199 363 saeculo
1234 323 1411 363 ineunte
1445 327 1569 364 sexto
1604 321 1664 364 fa-

241 391 442 431 bularum
491 390 646 430 librum
698 390 993 442 conscriptum
1040 402 1137 431 esse
1180 390 1377 432 Kellerus
1427 391 1664 432 contendit.

245 460 402 499 Verum
446 470 500 499 ne
545 470 657 511 quae
703 471 835 510 supra
876 458 1001 499 nobis
1037 459 1154 499 dicta
1187 463 1289 499 sunt
1322 459 1393 499 hic
1426 470 1665 511 recoquam

243 540 293 568 ex
329 526 578 568 fabularum
616 527 807 579 ipsarum
843 527 1001 568 hausta
1037 527 1431 580 contemplatione:
1466 528 1581 580 quod
1614 528 1667 568 de

245 597 336 648 ipso
370 595 543 648 Aesopo
577 600 668 636 tota
701 595 845 635 adhuc
879 596 1175 647 disputatione
1210 601 1516 648 comparatum
1539 595 1667 637 nobis

245 670 309 707 est
342 666 562 706 iudicium.
618 677 669 705 eo
713 663 1045 705 fundamentum
1090 678 1268 716 prorsus
1309 665 1443 705 euerti
1480 677 1532 705 ac
1566 663 1668 705 sub-

245 735 343 775 duci
376 747 461 787 quo
495 733 667 774 illorum
702 733 893 774 maxime
928 733 1079 773 nititur
1111 734 1330 774 sententia
1366 733 1461 786 quis
1495 745 1584 774 non
1604 732 1669 773 ui-

245 802 346 843 det?
392 802 597 844 Ceterum
619 802 762 860 'nimis
796 802 919 853 parui
955 802 1215 842 aestimatur
1249 806 1443 842 ueterum
1480 800 1671 843 Graeco-

247 885 339 912 rum
390 872 627 912 memoriae
674 884 745 911 ars
792 870 847 911 ab
896 871 944 910 iis
994 871 1065 923 qui
1112 871 1155 910 in
1200 870 1394 911 tantulas
1431 882 1497 912 res
1529 870 1670 911 omni-

244 942 410 993 busque
446 940 695 992 frequenter
728 940 902 980 auditas
938 940 1269 991 consumpsisse
1293 951 1557 992 quemquam
1578 939 1670 991 opi-

246 1014 402 1051 nentur
436 1008 781 1050 conscribendas
817 1020 997 1058 operam
1033 1013 1074 1048 et
1107 1012 1260 1049 artem.
1297 1032 1352 1036 ——
1386 1007 1471 1049 Sed
1504 1008 1671 1049 Aristo-

248 1078 403 1130 phanis
436 1077 518 1118 illis
551 1077 660 1118 locis
695 1077 795 1129 quid
831 1078 906 1117 lit?
971 1076 1243 1130 Relinquitur
1289 1081 1331 1117 111
1377 1089 1426 1118 ea
1474 1088 1560 1129 qua
1593 1089 1671 1128 par

248 1151 313 1187 est
355 1147 396 1187 in
441 1146 612 1187 comico
657 1150 801 1186 uetere
844 1150 974 1197 poeta.
1011 1146 1334 1198 interpretando
1370 1145 1672 1186 moderatione

249 1217 313 1256 usi
348 1216 584 1257 admodum
619 1220 931 1266 exaggeratam
966 1227 1063 1255 esse
1098 1216 1139 1255 111
1176 1215 1241 1255 1115
1278 1214 1475 1255 uersibus
1510 1213 1672 1254 oratio-

249 1297 348 1326 nem
395 1288 436 1325 et
481 1283 648 1324 ridiculi
695 1296 832 1324 causa
868 1284 1063 1335 protinus
1099 1285 1150 1324 de
1187 1284 1309 1324 iustis
1345 1282 1589 1324 fabularum
1625 1282 1672 1322 li-

247 1354 337 1395 bris
372 1366 468 1395 esse
502 1365 749 1393 sermonem
785 1357 985 1404 putemus
1020 1353 1075 1394 ab
1099 1353 1170 1393 illo
1190 1352 1416 1401 &infectis7
1452 1350 1673 1404 (1111111011-

252 1423 389 1464 larum
425 1422 627 1462 inuentor
661 1433 736 1472 per
769 1420 1032 1473 Delphorum
1077 1421 1303 1462 oraculum
1339 1420 1519 1461 Graecis
1552 1420 1674 1460 breui

249 1496 351 1533 ante
387 1492 635 1531 innotuerat
670 1494 711 1530 et
744 1494 832 1530 tam
868 1491 1003 1541 gratis
1038 1495 1246 1543 exceptus
1282 1495 1377 1531 erut
1410 1490 1582 1536 animis,
1631 1492 1677 1529 ut

250 1559 318 1600 uel
342 1558 681 1599 Archilocheam
707 1555 967 1596 ἐνΑἰσώπου
986 1556 1123 1607 λόγοις
1150 1558 1282 1599 fuisse
1310 1558 1501 1599 fabulam
1521 1562 1676 1609 poetae

252 1629 437 1669 iocando
472 1627 623 1667 liceret
657 1638 914 1678 expromere
931 1625 970 1679 ¹).

341 1696 464 1746 Quod
498 1708 601 1736 uero
636 1695 691 1735 ad
725 1694 921 1736 Socratis
956 1695 999 1734 111
1034 1694 1227 1735 Platonis
1248 1695 1484 1736 Phaedone
1518 1694 1675 1735 attinet

253 1764 386 1806 uerba
427 1761 505 1801 καί
530 1777 598 1811 μοι
636 1761 754 1800 δοκεῖ
778 1759 857 1812 ἔφη
893 1760 931 1800 εἰ
957 1760 1167 1813 ἐνενόησεν
1199 1760 1300 1800 αὐτὸ
1330 1759 1548 1809 Αἴσωπος,
1596 1762 1676 1809 μῦ-

252 1833 332 1871 θον
362 1828 411 1869 ἂν
442 1831 674 1877 συνθεῖναι,
721 1842 833 1882 quae
876 1843 1004 1882 quam
1053 1829 1165 1870 male
1202 1829 1555 1880 Landsbergerus
1589 1833 1678 1870 tor-

254 1903 384 1953 queat
417 1899 488 1939 hio
520 1899 642 1938 iuuat
678 1910 898 1950 apponere
948 1898 1097 1949 „diese
1130 1903 1265 1938 worte
1300 1898 1519 1949 bezeugen
1542 1897 1678 1939 offen-

254 1968 332 2008 bar
364 1968 446 2007 wie
495 1967 589 2007 sicli
633 1967 729 2007 eine
775 1966 927 2007 solclie
973 1966 1085 2007 sabel
1134 1966 1192 2006 im
1237 1966 1382 2018 Aesop
1427 1965 1550 2006 nicht
1582 1979 1680 2007 vor—

256 2036 410 2079 lillde‘⁴,
461 2040 502 2076 et
546 2035 601 2076 ad
644 2035 836 2075 eiusdel'u
879 2034 1011 2075 uerba
1057 2030 1129 2080 οὓς
1169 2032 1412 2085 προχείρους
1452 2029 1562 2082 εἶχον
1607 2032 1678 2072 καὶ

258 2100 493 2155 ἠπιστάμην
523 2134 532 2142 .
565 2134 572 2142 .
604 2133 611 2140 .
664 2096 723 2148 οἷς
755 2101 934 2154 πρώτοις
966 2102 1177 2151 ἐνέτυχονῑ
1222 2102 1301 2151 liis,
1336 2102 1438 2143 licet
1472 2103 1563 2154 ipse
1596 2101 1677 2143 Sibi

256 2184 363 2225 quas
398 2176 663 2223 cognouerat
701 2170 868 2211 fabulas
903 2171 941 2211 111
997 2170 1183 2211 libellum
1230 2170 1440 2212 rettulerit
1473 2194 1528 2198 —
1563 2170 1678 2223 quod

258 2245 300 2281 ut
334 2241 508 2281 credam
547 2240 726 2281 multum
762 2239 887 2280 abest
906 2264 960 2266 a*
981 2240 1180 2280 celieludi
1219 2244 1364 2280 tamen
1399 2251 1677 2292 nequaquam

257 2309 384 2350 debet
417 2313 490 2349 aut
522 2310 738 2360 Aesopum
775 2308 1005 2360 reliquisse
1043 2308 1288 2349 fabularum
1322 2307 1481 2348 librum
1515 2312 1590 2348 aut
1613 2311 1680 2348 ta—

258 2378 319 2418 les
352 2378 394 2417 111
429 2390 705 2418 communem
742 2390 868 2418 usum
903 2376 957 2418 al»
992 2377 1088 2417 aliis
1123 2389 1220 2417 esse
1254 2376 1480 2417 confectos
1501 2376 1680 2417 obstan—

259 2445 371 2486 tibus
414 2450 477 2487 tot
522 2451 696 2498 lamque
729 2445 931 2497 gravibus
976 2446 1136 2491 ‹faus-is,
1171 2458 1353 2497 (piarum
1392 2456 1680 2497 unaquaeque

259 2512 491 2565 infringere
527 2515 663 2566 possit
696 2514 811 2555 hanc
845 2515 1122 2555 sententiam.

360 2613 383 2659 ¹)
411 2613 498 2648 Cum
525 2614 785 2659 Aristophanis
817 2613 938 2647 uerbis
964 2618 1028 2649 κού
1055 2615 1330 2661 πολυπράγμων
1357 2617 1530 2649 Αἴσωπον
1558 2615 1681 2648 πεπά-

258 2686 360 2716 τηκας
387 2672 554 2705 conferas
580 2670 813 2716 prouerbium
840 2670 1014 2714 (Diogen.
1044 2671 1085 2711 ll,
1112 2670 1180 2713 95)
1206 2673 1408 2717 Ἀρχίλοχον
1436 2677 1572 2710 naisse-
1611 2669 1681 2703 Hie

261 2728 386 2772 eequis
413 2729 455 2762 de
483 2729 693 2763 Archilochi
721 2728 825 2763 libris
851 2728 1020 2774 protinus
1048 2727 1254 2771 cogitabit?
