1854 3017
945 86 991 118 40

257 179 475 231 Aristoph.
511 192 630 232 uesp.
675 180 787 221 1258
836 182 1079 234 aptissima,
1130 186 1255 222 erant
1303 185 1343 222 et
1391 193 1681 235 unaquaeque

259 247 347 288 sere
381 247 473 288 eius
507 249 684 289 nomine
728 248 999 291 circumferri
1042 249 1225 301 solebat,
1276 251 1347 303 qui
1380 250 1547 302 primus
1581 261 1679 291 eam

258 316 514 357 nobilitauit.
570 317 632 357 Ex
666 317 910 359 Aristotelis
950 323 1049 360 met.
1084 318 1129 361 II.
1164 318 1190 359 3
1231 331 1344 372 quae
1376 318 1506 370 uulgo
1539 319 1584 359 in
1619 318 1682 360 fa-

258 383 456 425 bularum
501 397 730 425 numerum
776 385 962 428 refertur
1005 386 1235 428 historiola
1283 386 1446 441 (Halm.
1482 387 1548 428 ed.
1586 386 1680 440 19),

257 464 356 493 eam
389 453 539 505 procul
572 454 673 494 hinc
706 454 987 506 relegandam
1023 467 1121 496 esse
1155 456 1386 497 concedes.

347 590 487 643 Atque
506 604 774 645 quamquam
792 593 1033 634 uerendum
1052 599 1159 645 erat,
1194 606 1249 635 ne
1268 593 1453 634 simulac
1475 605 1681 645 magnum

258 658 361 699 illud
405 659 598 701 Graecos
641 661 752 702 inter
791 665 833 702 et
865 661 1025 704 Persas
1060 667 1286 704 certamen
1319 667 1517 704 exortum
1552 665 1680 712 esset,

259 739 402 769 mores
437 728 677 782 cultusque,
713 731 785 783 qui
820 742 872 771 ex
907 731 1074 773 oriente
1108 736 1256 784 utpote
1284 731 1533 773 fabularum
1553 731 1683 784 pleno

257 807 431 848 semper
464 797 613 839 habito
632 799 675 839 in
695 797 928 841 Graeciam
947 801 1220 851 inuaderent‚
1255 800 1527 854 aliquantum
1549 800 1683 842 etiam

257 868 582 906 commutarent
604 865 875 908 Graecarum
900 867 1145 910 fabularum
1172 869 1499 910 condicionem:
1534 872 1684 910 tamen

257 943 357 972 eam
406 933 524 974 haud
567 934 701 975 aliam
744 934 878 977 fuisse
920 941 1018 989 post
1055 936 1169 978 bella
1203 937 1383 978 Persica
1415 948 1548 990 quam
1581 939 1684 977 ante

258 1000 331 1041 illa
365 1002 554 1043 uidimus
588 1007 719 1057 atque
753 1006 863 1046 adeo
896 1005 1151 1058 proficiente
1191 1006 1330 1057 magis
1362 1005 1588 1058 magisque
1622 1005 1685 1045 di-

258 1071 386 1110 cendi
432 1075 525 1112 arte
568 1076 610 1113 et
641 1073 853 1125 perducta
887 1087 913 1115 a
946 1074 1242 1115 Demosthene
1275 1075 1455 1127 eiusque
1489 1073 1686 1128 aequali-

259 1137 339 1179 bus
374 1139 428 1179 ad
463 1153 682 1182 summam
715 1142 1030 1195 perfectionem
1065 1142 1237 1185 fabulas
1271 1143 1327 1184 ab
1360 1143 1412 1184 iis
1437 1141 1684 1184 oratoribus

257 1220 442 1259 quorum
476 1210 698 1252 orationes
733 1213 788 1252 ad
820 1225 900 1253 nos
933 1217 1226 1264 peruenerunt
1258 1212 1387 1265 plane
1409 1215 1686 1264 contemptas

259 1289 358 1318 esse
392 1277 620 1333 const-affl).
670 1280 777 1321 Illud
810 1285 956 1322 autem
991 1281 1123 1322 etiam
1158 1285 1289 1334 atque
1322 1281 1455 1322 etiam
1489 1283 1687 1321 statuen-

259 1346 362 1386 dum
397 1351 475 1397 est,
525 1352 571 1389 ut
604 1347 851 1390 fabularum
885 1350 1295 1403 antiquissimarum
1326 1348 1590 1402 praecipuus
1623 1347 1688 1389 lo-

258 1427 337 1456 cus
371 1417 486 1469 apud
521 1429 596 1459 eos
631 1417 771 1470 fuerit,
808 1419 880 1472 qui
903 1419 966 1460 rei
985 1418 1171 1460 alicuius
1195 1418 1530 1471 peruersitatem
1554 1429 1684 1470 quam

258 1486 520 1537 grauissime
554 1486 707 1529 efferre
742 1489 968 1529 studerent
1002 1492 1075 1529 aut
1110 1488 1292 1528 iniurias
1331 1486 1504 1528 blandis
1538 1484 1685 1527 uerbis

259 1555 549 1611 defendere'ff),
584 1558 643 1598 ita
675 1557 860 1609 uestigio
893 1570 973 1598 nos
1008 1557 1165 1598 adduci
1200 1567 1442 1609 sanequam
1475 1553 1606 1606 nullo,
1639 1558 1685 1595 ut

261 1626 416 1666 iisdem
448 1625 719 1678 temporibus
753 1626 850 1667 illas
884 1629 1097 1679 tanquam
1130 1625 1298 1678 primae
1317 1623 1574 1665 eruditionis
1599 1622 1687 1664 ele-

261 1698 409 1735 menta
451 1706 708 1747 morumque
752 1698 990 1746 praecepta
1040 1693 1293 1734 communia
1326 1692 1540 1745 pueritiae
1572 1692 1686 1732 tradi

259 1763 414 1804 solitas
448 1775 545 1804 esse
579 1763 792 1805 dicamus.

352 1844 554 1885 Extremo
588 1844 685 1885 loco
718 1843 1244 1897 batrachomyomachiae
1288 1842 1331 1882 in
1351 1842 1437 1883 hac
1461 1841 1686 1895 quaestio-

262 1912 329 1953 nis
362 1917 485 1964 parte
518 1912 648 1953 liceat
681 1923 976 1961 commonere7
1026 1911 1069 1951 in
1103 1923 1188 1964 qua
1223 1921 1330 1952 sane
1365 1909 1575 1951 animalia
1609 1908 1689 1950 ho-

262 1981 427 2021 minum
461 1982 545 2022 ritu
578 1981 782 2023 locuntur
814 1984 856 2021 et
889 1979 1158 2032 belligerant,
1197 1978 1374 2020 fabulae
1396 1982 1548 2019 tamen
1571 1975 1689 2018 aliud

364 2129 387 2173 ¹)
414 2129 696 2165 Demosthenem
731 2130 896 2165 cuiusuis
931 2129 1077 2174 generis
1112 2127 1409 2163 narratiunculas
1442 2125 1690 2161 excludendas

262 2198 344 2221 esse
380 2187 423 2221 ab
459 2190 600 2222 oratore
638 2188 800 2233 perfecto
837 2186 1024 2222 censuisse
1061 2188 1212 2232 apparet
1248 2197 1293 2219 ex
1319 2184 1414 2218 Plut.
1441 2183 1507 2218 uit.
1535 2182 1567 2216 X
1593 2184 1686 2216 orat.

265 2257 298 2289 p.
326 2245 394 2279 848
405 2245 444 2278 B.

360 2301 386 2345 ²)
413 2301 518 2335 Hanc
544 2301 659 2336 solam
686 2301 801 2336 fuisse
827 2301 1036 2336 fabularum
1063 2298 1408 2344 antiquissimarum
1433 2297 1509 2332 uim
1548 2308 1591 2332 ac
1617 2295 1690 2330 uir-

263 2360 382 2392 tutem
410 2370 519 2392 unum
548 2359 735 2404 praeclare
761 2358 995 2404 perspexisse
1021 2369 1064 2392 ac
1099 2357 1307 2402 professum
1342 2366 1424 2389 esse
1460 2353 1568 2388 uideo
1594 2352 1691 2388 Ulri-

265 2413 361 2448 cium
388 2427 486 2459 poes.
502 2414 586 2449 hist.
603 2415 714 2450 11457
729 2426 783 2459 sq.
809 2414 1049 2459 Quamquam,
1078 2415 1200 2448 cetera
1226 2423 1320 2457 quae
1347 2411 1391 2446 de
1417 2409 1543 2445 fabula
1570 2408 1691 2455 dispu-

265 2471 361 2505 t-auit
387 2471 417 2505 si
445 2472 713 2515 recognoueris‚
754 2471 864 2506 etiam
890 2471 994 2505 illum
1022 2469 1132 2504 nimis
1159 2460 1361 2515 procliuein
1388 2478 1468 2501 esse
1494 2477 1566 2500 non
1593 2467 1692 2511 pote-

265 2526 316 2561 ris
344 2539 415 2561 nou
442 2540 594 2572 arguere
621 2529 666 2562 ad
693 2528 900 2574 opinionem
915 2527 1077 2562 fabulam
1095 2524 1300 2570 antiquitus
1317 2525 1508 2570 poetarum
1525 2533 1689 2568 praeser-

266 2583 332 2617 tim
359 2584 610 2627 gnomieorum
636 2584 752 2619 fuisse
780 2584 975 2630 propriam.
