1854 3017
909 245 956 280 86

219 342 389 384 illorum
425 345 580 383 cantus
614 343 860 394 spectantia
894 339 1136 397 Spohnio1)
1179 343 1268 384 iam
1301 343 1540 384 assentitus
1578 346 1645 384 est

221 411 473 453 Grauertus.
509 411 693 464 Deniqui
726 412 882 465 quibus
917 412 1082 454 Plinius
1116 425 1155 452 n.
1183 412 1223 452 h.
1249 412 1317 453 IX.
1342 411 1381 463 8,
1410 411 1465 453 10
1488 415 1530 453 et.
1552 410 1592 463 8,
1617 410 1643 452 8

221 480 525 532 delphinorum
559 480 746 521 illustrat
780 481 1019 522 historiolis
1053 485 1271 532 naturam,
1323 492 1398 521 eas
1444 480 1488 521 in
1522 478 1645 521 Cari-

221 562 372 590 carum
406 562 514 602 quas
549 549 619 590 ille
653 550 804 590 statuit
838 548 1086 591 fabularum
1119 561 1255 602 genus
1278 548 1443 590 referre
1465 548 1646 601 ineptis-

221 618 380 658 simum
414 617 561 658 hercle
596 621 673 659 est.
740 618 881 671 Atque
914 618 957 658 in
991 622 1082 660 tam
1107 619 1355 660 contrarias
1389 617 1645 660 duumuiros

220 686 315 727 illos
350 686 609 727 discessisse
644 687 695 728 de
718 686 888 728 Car-icis
922 688 1013 728 suis
1036 686 1194 729 fabulis
1219 688 1461 729 sententias
1485 689 1644 729 mirum

222 755 396 795 cuinam
436 758 513 805 est,
549 767 637 796 non
671 755 812 796 solum
847 768 1031 797 excesso
1065 756 1283 809 utrimque
1317 757 1389 809 qui
1423 757 1646 798 coniectu-

220 823 279 864 ris
313 835 551 864 concessus
585 827 651 864 est
684 825 813 865 modo
847 825 922 865 sed
958 825 1090 865 etiam
1125 825 1243 866 omni
1275 828 1439 866 temere
1473 824 1646 866 abiecta

220 892 416 944 ipsorum
450 890 720 933 Graecorum
755 893 932 933 saniore
966 906 1098 945 quam
1142 892 1201 933 illi
1236 905 1333 934 esse
1366 897 1643 946 putauerunt,

221 961 256 1001 si
290 961 420 1003 modo
455 961 682 1013 diligenter
715 974 814 1003 eam
847 966 1135 1015 perscrutere,
1172 962 1407 1003 doctrina?

310 1098 430 1138 Haec
463 1102 565 1139 sunt
599 1110 711 1151 quae
741 1099 794 1140 de
833 1099 1241 1152 antiquissimarum
1277 1098 1548 1140 Graecorum
1581 1098 1645 1141 fa-

221 1165 421 1207 bularum
456 1167 621 1218 origine
663 1170 705 1208 et
738 1167 995 1209 condicione
1035 1167 1257 1208 enucleari
1289 1179 1420 1220 posse
1453 1180 1507 1209 ex
1538 1167 1644 1220 ipsis

222 1246 372 1275 eorum
406 1234 560 1276 litteris
595 1248 649 1276 ac
684 1236 979 1277 monumentis
1014 1235 1216 1277 arbitror.
1252 1236 1303 1277 Et
1326 1236 1535 1288 quoniam
1556 1249 1645 1278 non

221 1303 348 1344 unius
394 1304 476 1345 uiri
518 1305 680 1346 umeris
723 1305 889 1358 imponi
931 1317 1061 1358 posse
1112 1309 1278 1346 certum
1326 1308 1391 1346 est
1423 1305 1644 1356 negotium

220 1372 454 1414 uniuersae
488 1373 771 1426 apologorum
805 1374 989 1416 rationis
1024 1373 1318 1427 explorandae
1352 1386 1437 1426 qua
1470 1373 1537 1414 usi
1560 1373 1647 1414 sint

220 1445 313 1481 tum
346 1441 461 1494 apud
494 1442 726 1483 orientales
760 1446 851 1483 tum
886 1442 1001 1495 apud
1035 1442 1346 1494 occidentales,
1381 1441 1537 1495 quibus
1557 1442 1646 1483 sin-

221 1509 330 1561 gulis
366 1511 624 1564 conquisitis
659 1511 882 1563 dispositis
918 1511 1172 1564 exspoliatis
1202 1523 1435 1552 commune
1458 1510 1646 1552 fortasse

221 1578 443 1631 quoddam
484 1579 679 1632 ipsorum
722 1580 946 1621 uinculum
981 1579 1234 1633 fontemque
1267 1591 1548 1621 communem
1581 1580 1645 1620 in-

221 1650 401 1687 uentum
450 1648 500 1689 iri
550 1653 641 1689 tum
690 1649 867 1690 demum
916 1661 1016 1702 spes
1065 1649 1147 1690 etsi
1195 1649 1335 1690 ardua
1374 1652 1525 1690 tamen
1557 1661 1645 1690 non

222 1717 340 1758 nulla
374 1717 474 1758 erit:
519 1717 630 1758 haec
666 1729 765 1758 mea
811 1717 847 1757 si
882 1717 951 1757 cui
984 1716 1171 1769 probata
1205 1720 1343 1768 erunt,
1395 1716 1553 1770 quibus
1585 1716 1651 1757 in—

222 1786 381 1827 sistens
416 1798 541 1827 suam
574 1786 619 1826 in
651 1798 744 1826 rem
769 1786 914 1827 adhuc
938 1785 1174 1827 obscuram
1200 1784 1401 1827 conferre
1420 1785 1526 1827 uelit
1548 1796 1649 1838 ope-

221 1868 330 1907 ram,
367 1854 511 1896 oleum
546 1858 588 1896 et
621 1866 801 1907 operam
836 1867 925 1895 non
958 1854 1204 1906 perdidisse
1238 1854 1343 1894 mihi
1375 1853 1569 1895 uidebor.

321 1960 344 2005 ¹)
373 1960 416 1994 dc
443 1961 608 1994 extrema
633 1959 765 2005 Odyss.
792 1961 896 2005 parte
922 1971 955 2004 p.
983 1962 1040 1995 33.
